1781 2971
518 186 694 228 Llsslss
728 185 969 228 DECIMI.
1351 191 1422 230 121

74 298 378 356 cognationem
441 300 560 353 ipsos
619 313 826 341 accusare
879 305 1099 354 tamquam
1152 298 1278 341 istius
1331 299 1431 340 mali

73 362 271 398 auctores
313 362 388 396 aut
428 370 524 397 cum
556 355 608 399 iis
649 355 951 410 expostulare,
1003 366 1147 397 tamen
1187 356 1430 398 temeritate

74 411 262 466 quadam
306 413 512 467 abreptus
552 412 597 453 in
648 428 741 454 eam
784 412 998 454 delaberis
1053 413 1327 468 opinionem,
1384 420 1432 454 ut

74 484 169 511 esse
208 468 382 523 quidem
425 468 530 510 deos
573 469 752 523 credas,
793 469 871 510 sed
903 468 1078 510 eosdem
1110 485 1250 511 rerum
1280 469 1431 510 huma-

73 540 224 566 narum
263 541 410 567 curam
449 541 598 582 gerere
640 541 725 567 non
768 526 934 569 credas.
997 526 1064 567 Ne
1104 526 1239 581 igitur
1282 533 1358 567 tua
1388 533 1431 567 te

73 582 338 638 perversitas
383 582 510 623 etiam
560 582 614 624 ad
634 583 859 638 maiorem
908 582 1175 637 impietatem
1226 582 1430 636 deducat,

74 653 154 695 age
196 653 349 680 novam
389 639 502 681 hanc
542 622 881 694 disputationem
921 653 1018 679 cum
1059 639 1287 693 superiore
1327 654 1430 681 con-

73 696 307 751 iungentes
347 711 462 737 nunc
500 695 545 736 id
576 695 751 737 efficere
783 709 1004 748 conemur,
1046 700 1095 735 ut
1134 694 1239 737 deos
1279 696 1431 749 utique

72 752 202 794 rebus
247 752 444 795 humanis
483 752 732 807 prospicere
769 757 812 793 et
843 766 978 806 parva
1007 765 1095 792 non
1126 752 1268 793 minus
1302 767 1432 805 quam

72 822 230 864 magna
269 823 421 850 curare
461 814 671 863 appareat
711 809 773 862 (p.
813 809 909 850 890.
948 806 1001 848 Ε.
1034 831 1089 837 -
1122 809 1217 850 900.
1251 807 1336 862 C..)
1378 833 1431 838 —

75 865 290 906 Nimirum
335 864 421 918 illi,
479 879 553 919 qm
605 864 658 906 de
702 863 851 906 divina
888 862 1164 928 providentia
1204 872 1249 907 et
1289 880 1433 906 xerum

73 921 356 962 humanarum
422 921 739 975 gubernatione
820 921 1161 963 controversiam
1225 928 1430 973 movent,

72 993 157 1019 non
197 977 303 1019 satis
354 977 554 1019 videntur
604 979 898 1033 reputavisse,
949 977 1043 1019 fieri
1083 993 1170 1019 non
1213 993 1344 1033 posse
1384 984 1434 1019 ut

71 1035 117 1075 in
154 1045 310 1075 natura
351 1034 535 1076 maxime
576 1035 774 1090 perfecta
816 1041 858 1076 et
905 1034 1106 1076 absoluta
1152 1034 1241 1076 ulla
1293 1035 1432 1076 virtus

72 1090 356 1133 desideretur.
421 1090 568 1144 Quum
608 1098 755 1133 autem
787 1103 942 1132 natura
973 1091 1122 1132 divina
1151 1093 1209 1133 sit
1240 1092 1431 1133 omnium

72 1148 417 1212 perfectissima,
459 1155 577 1190 certe
623 1149 668 1190 in
710 1148 851 1204 ipsam
892 1148 1093 1202 ignavia,
1144 1148 1429 1212 negligentia,

71 1204 304 1261 segnities,
345 1205 487 1247 mollis
518 1205 709 1257 incuria,
759 1205 844 1246 alia
881 1204 926 1246 id
966 1219 1104 1260 genus
1144 1205 1275 1258 vitia,
1319 1219 1430 1259 quae

71 1275 159 1302 non
200 1261 329 1303 modo
381 1260 464 1303 diis
508 1261 586 1304 sed
633 1262 764 1304 etiam
817 1261 1065 1304 hominibus
1119 1268 1221 1303 sunt
1270 1262 1428 1314 invisa,

71 1318 191 1360 nullo
233 1317 363 1359 modo
409 1318 587 1359 cadunt.
664 1319 857 1361 Possunt
904 1325 1046 1360 autem
1097 1319 1271 1361 omnino
1317 1318 1429 1360 duae

71 1389 253 1417 caussae
283 1375 491 1431 intelligi,
525 1391 601 1417 cur
633 1375 716 1429 dii,
748 1376 786 1417 si
816 1376 877 1417 ita
907 1376 1006 1440 fiat,
1049 1391 1191 1417 rerum
1221 1376 1429 1417 humanass

69 1447 164 1473 111111
196 1447 343 1473 curam
373 1432 610 1497 negligant.
673 1408 768 1474 A'ut
797 1434 910 1474 enim
942 1432 1061 1487 ipsos
1083 1438 1273 1475 statuere
1302 1432 1431 1474 liceat

69 1490 115 1530 in
155 1503 205 1529 ea
237 1503 335 1530 esse
377 1490 620 1553 sententiat,
662 1496 711 1530 ut
751 1488 805 1530 ad
837 1488 1070 1546 regendam
1111 1496 1154 1531 et
1184 1490 1431 1545 gubernan-

71 1545 171 1586 dam
213 1560 357 1586 rerum
410 1546 738 1587 universitatem
789 1526 911 1587 nihil
945 1546 1154 1588 interesse
1184 1524 1430 1599 censeant,

70 1609 214 1643 utrum
247 1617 380 1657 parva
412 1617 475 1643 ne«
467 1602 690 1658 ‹rligantur
721 1618 878 1667 necne:
911 1609 986 1644 aut
1013 1603 1112 1644 illos
1144 1610 1298 1659 putare
1329 1618 1430 1658 pos-

70 1659 205 1700 simus
245 1657 471 1700 socordiae
514 1666 556 1700 et
596 1659 790 1701 incuriae
829 1674 924 1701 esse
956 1659 1127 1701 deditos
1161 1675 1342 1714 eamque
1376 1659 1430 1701 ob

71 1730 268 1758 caussam
313 1730 454 1757 rerum
499 1715 783 1757 humanarum
829 1716 1178 1772 procurationem
1231 1717 1429 1758 omittere

53 1787 122 1814 vac
160 1772 396 1829 negligere.
458 1771 656 1824 Quorum
695 1781 840 1814 tamen
884 1779 1083 1814 neutrum
1114 1789 1158 1814 1n
1188 1772 1294 1815 deos
1327 1788 1428 1814 con-

71 1829 217 1871 venire
257 1831 522 1884 argumentis
568 1830 910 1872 evidentissimis
951 1836 1097 1884 potest
1127 1829 1428 1871 demonstrari

71 1886 246 1928 Etenim
276 1886 432 1927 inertia
463 1886 636 1941 quidem
675 1893 719 1928 et
749 1886 949 1929 socordia
979 1886 1078 1928 ideo
1109 1903 1133 1928 a
1166 1886 1247 1929 diis
1278 1887 1429 1928 abesse

73 1942 359 1985 existimanda
397 1949 486 1995 est,
529 1944 634 1997 quia
676 1960 764 1985 non
803 1943 933 1985 modo
975 1959 1142 1985 summa
1184 1950 1252 1985 est
1280 1959 1429 1985 eorum

71 2000 281 2055 potentia,
326 2006 376 2041 ut
405 2000 563 2041 virium
594 2000 890 2042 imbecillitate
923 2006 967 2041 et
998 2000 1252 2042 infirmitate
1285 2001 1432 2055 aliqua

71 2057 324 2111 neutiquam
373 2056 595 2110 laborent,
644 2073 794 2099 verum
848 2056 976 2098 etiam
1028 2057 1215 2098 maxima
1261 2057 1430 2112 pollent

71 2114 227 2155 mentis
257 2113 547 2169 intelligentia
577 2120 710 2168 atque
732 2114 1084 2170 perspicacitate,
1115 2114 1178 2155 ita
1208 2120 1257 2154 ut
1287 2114 1432 2155 omnia

71 2169 272 2214 videant
306 2171 450 2212 omnia
489 2169 683 2223 audiant,
716 2170 824 2211 nihil
869 2170 1111 2225 quidquam
1141 2171 1264 2226 ipsos
1296 2171 1431 2212 lateat

72 2242 124 2269 ac
171 2233 430 2282 praetereat.
518 2203 707 2269 Accedit
757 2226 812 2268 ad
860 2226 968 2269 haec
1017 2228 1147 2269 etiam
1195 2226 1429 2269 ineffabilis

72 2283 284 2339 quaedam
314 2283 489 2326 bonitas
519 2285 626 2350 ipsis
670 2283 863 2339 propria.
923 2283 1047 2336 Quae
1079 2284 1222 2325 omnia
1254 2285 1329 2338 qui
1363 2299 1430 2326 se-

72 2355 170 2382 cum
208 2340 529 2396 reputaverint,
569 2342 600 2382 ii
631 2347 748 2384 certe
777 2341 893 2382 ultro
921 2341 1197 2394 fatebuntur,
1236 2356 1310 2382 eos
1342 2356 1428 2382 non

72 2412 205 2452 posse
247 2412 326 2451 per
365 2397 631 2452 socordiam,
679 2398 910 2454 segnitiam
943 2404 987 2439 et
1016 2398 1187 2439 mollem
1217 2396 1428 2440 desidiam

75 2469 217 2496 rerum
247 2453 529 2496 humanarum
560 2455 805 2497 incuriosos
837 2468 945 2496 esse.
999 2454 1280 2508 Relinquitur
1309 2469 1428 2511 ergo

73 2518 144 2564 ut,
195 2511 229 2552 si
276 2525 345 2552 res
398 2527 554 2566 parvas
602 2520 647 2554 et
696 2512 832 2553 exiles
871 2511 915 2552 in
958 2510 1245 2576 gubernanda
1285 2526 1426 2552 rerum

73 2567 357 2610 universitate
398 2569 649 2624 negligant,
683 2568 728 2610 id
763 2582 837 2610 eos
868 2569 929 2609 ita
960 2569 1102 2610 face1e
1133 2568 1428 2610 existimemus

75 2630 147 2666 aut
184 2630 362 2685 propter
392 2625 624 2667 multorum
655 2625 976 2682 ignorationem
1007 2631 1049 2666 et
1079 2625 1320 2677 inscitiam,
1355 2634 1427 2666 aut

75 2679 200 2735 quia,
227 2679 344 2723 lieet
382 2682 527 2723 omnia
569 2688 614 2724 et
653 2682 906 2737 intelligant
945 2689 987 2724 et
1025 2681 1080 2723 ad
1120 2696 1166 2723 se
1206 2689 1428 2746 tamquam

73 2737 199 2780 huius
236 2737 427 2780 universi
466 2737 665 2781 dominos
705 2745 749 2781 et
788 2744 978 2781 rectores
1025 2739 1239 2794 pertinere
1279 2739 1427 2779 existi-
