1781 2971
313 154 396 196 382

816 148 1197 192 PLATONIS

313 269 336 312 ὸ
377 272 422 312 δὲ
459 269 679 322 δεύτερος,
723 266 917 323 ὄμμασιν
952 265 1091 316 ὅντως
1126 265 1300 320 θεωρὸς
1336 262 1419 309 ὅσα
1459 282 1500 308 τε
1539 267 1664 309 Μου-

313 338 400 378 σῶν
436 333 543 377 ὠσὶν
585 340 726 390 ἔχεται
773 335 1070 389 θεωρήματα·

1109 336 1168 388 τῷ
1204 332 1256 384 δὴ
1304 333 1496 386 τοιούτῳ
1532 335 1666 375 παντὶ

308 400 394 458 χρὴ
430 401 687 451 καταλύσεις
723 400 834 456 πρὸς
871 404 1006 455 ἱεροῖς
1034 399 1144 443 εἶναι
1179 400 1445 457 φιλοξενίαις
1479 398 1664 453 ἀνθρώ-

313 486 406 512 πων
442 473 865 523 παρεσκευασμένας,
898 465 983 522 χρὴ
1007 468 1052 509 δὲ
1079 472 1151 509 καὶ
1177 469 1263 509 τῶν
1290 467 1501 510 τοιούτων
1528 469 1666 520 ἱερέας

315 554 359 580 te
403 554 476 578 και

545 537 792 590 νεωκόρους
844 536 1152 589 ἐπιμελεῖσθαι
1193 537 1266 577 καὶ
1323 536 1543 588 τημελεῖν,
1589 537 1668 583 ἕως

312 602 369 646 ἄν
406 604 483 646 τόν
520 608 701 659 μέτριον
737 604 1033 657 ἐπιμείναντες
1075 599 1264 655 χρόνον,
1308 601 1473 650 ἰδόντες
1511 616 1556 642 τε
1596 603 1669 642 καὶ

240 668 275 707 Β
314 669 589 720 ἀκούσαντες
622 670 683 711 ὠν
716 667 850 723 χάριν
896 667 1136 725 αᾳίκοντο,
1177 666 1387 722 ἀβλαβεῖς
1435 669 1515 710 τοῦ
1563 668 1670 722 ὸρᾶ-

312 741 388 780 σαί
413 754 455 779 τε
479 754 551 778 και
577 740 748 779 παθεῖν
785 735 1177 778 ἀπαλλάττωνται.
1215 734 1424 785 δικαστὰς
1449 734 1486 777 δ’
1515 733 1670 784 αὐτοῖς

314 804 426 848 εἶναι
464 803 570 854 τοὺς
603 807 761 859 ἱερέας,
798 808 877 845 ὲαν
913 803 1042 863 ἀδικῇ
1081 819 1144 851 τις
1188 800 1339 844 αὐτῶν
1378 818 1477 844 τινα
1517 798 1542 853 ἢ
1579 800 1662 842 τιν’

315 871 452 914 ἄλλον
486 871 615 931 ἀδικῇ
650 887 716 920 τις
754 870 945 919 τούτων,
989 867 1074 911 ὅσα
1111 868 1235 918 ἐντὸς
1269 870 1475 924 δραχμῶν
1512 868 1670 919 πεντή-

315 953 476 983 κΟνΐα·

525 935 604 980 ἐὰν
649 940 692 980 δὲ
735 954 778 979 τι
821 938 970 990 μεῖζον
1013 937 1206 989 ἔγκλημα
1257 934 1412 985 αὐτοῖς
1455 938 1670 988 γίγνηται,

315 1003 426 1060 πρὸς
461 1013 554 1054 τοῖς
589 1003 892 1058 ἀγορανόμοις
931 1002 1041 1045 εἶναι
1065 1005 1128 1045 δεῖ
1154 1004 1278 1051 δίκας
1303 1011 1394 1052 τοῖς
1431 1001 1668 1051 τοιούτοις.

316 1075 465 1126 τρίτον
503 1074 548 1114 δὲ
586 1071 712 1123 ξενον
759 1068 1064 1125 ὑποδέχεσθαι
1093 1067 1177 1124 χρὴ
1214 1070 1404 1124 δημοσίᾳ
1437 1066 1518 1111 τὸν
1552 1067 1668 1110 κατά

316 1156 357 1182 τι
396 1138 609 1191 δημόσιον
640 1138 683 1190 ἐξ
714 1135 852 1189 ἄλλης
893 1135 1040 1193 χώρας
1083 1135 1354 1195 ἀφιγμένον·
1392 1133 1444 1179 ὃν
1481 1150 1670 1190 στρατη-

409 1291 513 1326 ὠσὶν
549 1292 710 1334 ἔχεται]
762 1291 821 1324 Sic
856 1292 898 1323 A.

931 1288 967 1325 Ω.
996 1290 1033 1324 Ξ.
1063 1290 1086 1325 f.
1114 1301 1140 1322 r.
1166 1302 1197 1325 a.
1223 1300 1252 1322 c.
1281 1289 1311 1322 δ.
1348 1302 1377 1323 ο.
1412 1301 1444 1322 x.
1475 1300 1551 1322 cum
1584 1291 1667 1323 Ald.

317 1342 420 1374 Bass.
459 1341 490 1374 1.
522 1340 554 1373 2.
586 1339 675 1372 Lov.
708 1339 750 1370 In
784 1339 911 1379 Angel.
945 1338 1074 1378 legitur
1106 1336 1192 1369 εἰσὶν
1225 1338 1341 1377 ἔχεται.

1400 1336 1599 1379 Stephanus
1626 1338 1669 1370 de

317 1389 520 1421 coniectura
547 1385 711 1417 Cornarii
738 1386 867 1416 edidit:
899 1379 984 1415 ω’σίν
1018 1382 1154 1424 δέχεται.
1188 1384 1275 1415 Mox
1302 1382 1529 1424 φιλοξενίαις
1561 1384 1669 1416 veris-

318 1436 404 1467 sime
431 1433 512 1464 libri
537 1442 670 1464 omnes.
706 1431 837 1462 Errore
864 1429 1015 1462 Bekker.
1046 1429 1254 1470 φιλοξενίας.
1287 1430 1424 1462 Vitiose
1451 1430 1530 1462 dein
1557 1430 1602 1464 A.
1632 1427 1671 1464 Ω.

319 1481 356 1515 Ξ.
384 1481 408 1511 f.
433 1490 459 1513 r.
489 1490 520 1510 a.
548 1489 575 1510 c.
603 1477 620 1509 δ
663 1488 692 1509 ο.
719 1487 752 1508 x.
781 1475 1125 1518 παρεσκευασμένας.

408 1524 485 1556 ἕως
511 1520 559 1555 ἂν
586 1522 659 1555 τὸν
683 1522 883 1564 μέτριον]
917 1522 982 1553 ἕως
1007 1524 1050 1556 Α.
1082 1519 1119 1553 Ω.
1148 1533 1179 1554 ν.
1206 1532 1234 1554 r.
1261 1532 1290 1555 a.
1320 1532 1346 1553 c.
1373 1520 1403 1553 δ.
1432 1521 1609 1562 adsciipta
1634 1521 1668 1552 in

321 1569 360 1603 Ω.
388 1576 422 1602 et
447 1571 664 1602 Florentinis
696 1570 846 1601 lectione
880 1569 1038 1609 vulgata,
1072 1578 1159 1610 quae
1186 1574 1240 1600 est
1266 1566 1380 1600 ὅπως
1405 1564 1448 1599 ἂν
1474 1579 1498 1599 τ.
1546 1567 1670 1599 Edidit

318 1617 382 1649 ἕως
407 1614 450 1649 ἂν
477 1618 582 1648 etiam
608 1617 798 1649 Hermann.

409 1663 448 1697 C.
500 1660 710 1703 διαφέρον
739 1661 783 1693 ἐν
810 1659 1066 1699 καλλοναῖς]
1097 1657 1144 1690 ἐν
1167 1668 1218 1700 pr.
1247 1670 1312 1692 om.
1343 1660 1388 1691 A.
1418 1655 1456 1690 Ω.
1485 1657 1578 1690 Dein
1605 1668 1668 1700 pro

318 1785 396 1807 nus
421 1774 476 1806 De
501 1773 594 1806 alim.
619 1774 736 1805 facult.
764 1773 796 1806 2.
824 1783 856 1814 p.
869 1771 957 1806 319:

319 1819 430 1861 ὥραν
479 1821 602 1851 ἔτους
653 1815 883 1860 ὀι-ομάζσυσιν
926 1827 958 1848 οι

310 1864 473 1921 Έλληνες
504 1864 637 1897 ἐκεῖνοι
662 1864 722 1896 τὸι
747 1863 887 1907 καιρόν,
921 1862 959 1894 ὲν

319 1925 345 1944 ω
378 1913 540 1968 μεσοῦντι
574 1909 634 1952 τὴν
670 1911 731 1942 τοῦ
759 1909 866 1942 κυνὸς
889 1908 959 1941 ἑπι-

319 1957 421 2001 τολὴν
446 1953 637 2012 γιγνεσθαι
654 1957 851 1997 συμβαίνει·
878 1953 955 1996 χρό-

319 2014 381 2037 νος
412 2003 447 2036 δέ
479 2003 569 2036 ἐστιν
594 1998 699 2036 οὗτος
726 2001 858 2045 ἡμερῶν
885 2011 956 2033 τεσ-

318 2050 528 2093 σαράκοντα,
562 2061 664 2091 quem
695 2051 810 2081 locum
843 2049 960 2082 attulit

318 2098 537 2130 Graevlus
562 2097 673 2128 Lectt.
700 2097 846 2128 Hesiod.
874 2105 907 2135 p.
924 2094 958 2128 8.

317 2144 373 2179 Ex
399 2144 524 2185 quibus
561 2148 716 2174 veterum
745 2142 958 2173 testimoniis

317 2186 633 2232 perspicuum'est‚
660 2188 844 2220 formulam
871 2197 958 2219 sem-

317 2247 379 2278 per
404 2236 447 2267 de
471 2235 674 2267 melioribus
712 2235 796 2265 anni
826 2238 956 2274 tempe-

317 2282 465 2315 statibus
492 2291 568 2314 esse
593 2285 808 2321 usurpatam,
833 2281 883 2311 ita
903 2284 954 2310 ta·

317 2339 414 2368 men,
439 2332 478 2359 nt
501 2328 628 2359 eximie
653 2327 826 2358 diceretur
852 2327 955 2357 etiam

317 2376 362 2406 de
399 2375 534 2406 aestivo
576 2377 734 2414 tempore
769 2378 803 2404 et
833 2371 957 2403 diebus

317 2420 587 2453 canicula-ribus.
661 2419 832 2459 Exempla
869 2418 959 2449 varii

317 2468 418 2498 istius
444 2473 526 2498 usus
559 2467 588 2497 si
623 2465 820 2503 desideras,
853 2464 959 2496 adeas

317 2523 449 2554 quaeso
476 2512 692 2543 Dukerum
721 2512 768 2544 ad
799 2510 958 2550 Thucyd-

320 2558 344 2590 Ι.
373 2558 425 2592 76.
460 2558 571 2592 ΙΙ.52.
604 2557 857 2599 Popponem
885 2557 964 2587 An*

318 2609 392 2637 not.
426 2603 506 2635 Vol.
533 2604 579 2636 ΙΙ.
606 2614 639 2644 p.
658 2602 736 2637 292.
763 2602 956 2634 Fischer.

319 2650 364 2683 ad
402 2649 547 2683 Weller.
585 2648 645 2682 Gr.
680 2650 722 2681 T.
758 2648 827 2680 111.
869 2647 904 2678 Ρ.
934 2646 957 2680 Ι.

321 2706 354 2737 p.
377 2694 456 2730 266.
507 2695 735 2728 Sehaefer.
766 2695 810 2727 ad
834 2693 958 2726 Lamb.

320 2742 405 2773 Bos.
436 2749 470 2781 p.
503 2741 571 2777 576
604 2752 654 2783 sq.
694 2741 805 2775 Bast.
846 2740 958 2780 Epist.

1027 1770 1115 1803 Crit.
1162 1780 1194 1811 p.
1234 1770 1312 1804 108.
1362 1769 1571 1804 Sintonis.
1624 1773 1669 1804 ad

1028 1817 1208 1848 Plutarchi
1236 1816 1362 1848 Periel.
1390 1827 1423 1858 p.
1449 1818 1527 1852 111.
1554 1828 1606 1860 sq.
1624 1835 1668 1842 —-

1027 1859 1668 1904 31dyopaisn.t.2.sc.tdvnpai-

1028 1920 1087 1940 τον
1113 1909 1166 1940 και
1193 1906 1249 1940 ὸιὰ
1276 1908 1393 1941 τέλους
1419 1906 1469 1941 αἐὶ
1487 1908 1645 1952 θερινόν.

1073 1979 1112 2013 Ρ.
1139 1979 1218 2014 953.
1255 1975 1273 2010 ὁ
1300 1976 1341 2009 δὲ
1368 1976 1573 2020 δεύτερος
1600 1975 1667 2018 ὅμ-

1027 2036 1154 2065 μασιν
1181 2023 1329 2066 ὅντως]
1357 2023 1463 2058 Plene
1481 2026 1668 2058 dicendum

1028 2072 1112 2103 fuit.
1146 2067 1163 2103 ὁ
1197 2070 1233 2102 δὲ
1268 2068 1328 2102 δει
1333 2080 1429 2112 τερος
1458 2070 1580 2128 (ἐστιι)
1609 2068 1667 2110 ὅμ-

1027 2128 1128 2155 μασιι
1165 2115 1275 2149 ὄιτως
1310 2115 1450 2171 θεωρὸς
1493 2117 1546 2148 καὶ
1566 2116 1666 2172 ..(¹⁶)

1026 2161 1167 2204 θεωρὸς
1193 2161 1343 2198 τούιωι,
1371 2161 1437 2194 ὅσα
1460 2158 1543 2194 (univ
1561 2162 1667 2204 ἔχεται

1027 2209 1184 2241 ΙΙῘουσοῦι
1208 2205 1427 2249 θεωρήματα.
1453 2208 1540 2241 Mox
1567 2220 1666 2241 κατα·

1026 2253 1139 2287 λύσεις
1165 2261 1247 2287 sunt
1271 2255 1460 2287 deverso
1473 2265 1556 2294 r1a3
1593 2255 1665 2287 vid.

1025 2301 1091 2333 XI.
1135 2312 1167 2343 p.
1202 2300 1279 2336 919.
1314 2301 1358 2331 A.
1389 2301 1508 2342 ibique
1543 2306 1666 2334 annot.

1025 2348 1186 2379 Ceterum
1213 2348 1300 2380 haec
1324 2356 1463 2390 quoque
1494 2348 1538 2380 ad
1569 2348 1665 2380 simi-

1024 2393 1208 2425 litudinem
1251 2391 1422 2426 Graeciae
1464 2398 1666 2435 comparata

1027 2450 1120 2479 esse,
1145 2439 1247 2472 docte
1271 2440 1424 2471 ostendit
1448 2438 1664 2472 Beckcrus

1028 2485 1181 2518 Charicl.
1220 2486 1293 2518 Vol.
1323 2485 1346 2517 Ι.
1382 2495 1412 2527 p.
1443 2484 1520 2520 136.
1545 2496 1596 2529 sq.

1073 2555 1140 2585 καὶ
1177 2553 1391 2595 τημελεῖν]
1434 2551 1552 2586 schol.
1592 2551 1662 2586 ἐπι·

1035 2599 1218 2640 μελεῑσθαι.
1249 2600 1396 2632 Ponitur
1421 2600 1563 2631 verbum
1583 2608 1664 2641 pro-

1026 2648 1101 2688 prie
1126 2647 1168 2678 dc
1194 2655 1295 2685 cura,
1331 2654 1423 2687 quae
1455 2646 1500 2678 ad
1533 2646 1665 2678 auitum

1025 2693 1186 2735 corporis
1220 2696 1256 2724 et
1291 2690 1475 2724 humanam
1516 2693 1664 2738 aiiorurn

1028 2740 1270 2772 tractationem
1296 2738 1397 2770 valet.
