1781 2971
219 435 297 474 9457

330 111 413 152 430
800 111 834 152 P
849 111 887 152 L
902 113 941 152 A
956 110 991 151 T
1007 109 1047 152 O
1066 111 1104 152 N
1123 111 1143 152 I
1159 111 1190 154 S

329 225 615 281 κεκοσμηκὼς.
655 225 676 269 ὸ
703 228 788 281 γάρ
811 227 916 273 ἰδών
954 230 1095 270 ταῦτα
1120 228 1181 283 μὴ
1220 229 1400 287 φαύλως
1432 229 1535 284 μηδ’
1564 234 1678 275 ἰδιω-

334 296 470 344 τικῶς,
507 292 648 342 οὑὸεις
683 293 823 344 οὕτως
857 294 1001 345 ἄθεος
1037 295 1299 351 ἀνθρώπων
1335 301 1438 338 ποτε
1477 305 1678 356 πέφυκεν,

331 363 379 413 ὃς
415 361 466 404 οὑ
514 358 777 404 τούναντίον
823 366 996 404 ἔπαθεν
1035 360 1059 414 ἢ
1096 380 1143 406 το
1193 363 1553 418 προςδοκώμενον
1587 365 1674 408 ὑπὸ

332 432 418 473 τῶν
467 429 654 471 πολλῶν.
702 432 742 471 οὶ
777 431 857 482 μὲν
901 428 988 483 γαρ
1033 431 1324 472 διανοοῦνται
1361 431 1462 481 τοὺς
1497 431 1550 474 τά
1588 449 1679 476 τοι-

330 500 445 540 αῦτα
483 502 920 551 μεταχειρισαμένους
955 495 1234 552 ἀστρονομίᾳ
1272 513 1315 540 τε
1351 500 1422 541 καὶ
1450 508 1545 550 ταῖς
1566 502 1675 554 μετα

331 564 495 615 ταύτης
529 561 795 616 ἀναγκαίαις
829 561 988 612 ἄλλαις
1019 569 1188 619 τέχναις
1223 563 1395 614 ἀθέους
1430 569 1678 619 γίγνεσθαι,

330 628 693 687 καθεωρακότας,
729 629 785 680 ὡς
823 628 919 672 οἷον
957 647 1013 680 τε,
1048 631 1283 685 γιγνόμενα
1319 630 1537 686 ἀνάγκαις
1565 635 1679 689 πρα-

330 698 460 755 γματ’
513 695 611 739 ἀλλ’
669 698 720 740 οὐ
778 701 995 746 διανοίαις
1040 698 1290 750 βουλήσεως
1337 697 1534 753 ἀγαθῶν
1582 707 1678 756 πέρι

333 770 614 819 τελουμένων.

432 833 536 876 ΚΛ.
615 828 680 874 Τὸ
717 832 761 872 δὲ
797 829 849 881 δὴ
889 831 979 879 πῶς
1015 834 1114 885 ἔχον
1151 828 1206 872 ἄν
1244 833 1332 884 εἴης

436 901 533 943 ΑΘ.
609 900 733 946 miv,
770 895 876 951 ὅπερ
914 895 1057 946 εἶπον,
1094 896 1361 941 τούναντίον
1400 904 1482 954 ἔχει
1516 901 1598 942 νῦν
1633 917 1677 943 τε

332 970 403 1010 καὶ
448 966 520 1011 ὅτε
573 963 727 1024 ἄψυχα
777 963 894 1006 αντα
944 967 984 1006 οἱ
1039 963 1353 1019 διανοούμενοι
1409 968 1677 1010 διενοοῦντο.

427 1122 465 1153 Ρ.
489 1120 568 1154 967.
596 1117 634 1150 C.

332 1237 527 1270 certissime
554 1234 720 1266 novimus.
747 1243 776 1262 v.
803 1232 843 1262 acl
864 1230 969 1262 Phae-

333 1284 412 1315 don.
441 1294 472 1324 p.
500 1281 556 1315 97.
584 1281 623 1312 C.
653 1279 782 1310 Philet».
810 1288 840 1319 p.
858 1276 913 1310 28.
934 1277 971 1311 E.

378 1327 424 1366 ὃς
461 1327 511 1358 ου’
562 1325 828 1357 τούναντίον
877 1325 971 1354 ἔπα-

330 1379 411 1409 θεν
438 1373 500 1416 ——]
536 1373 601 1404 cui
636 1381 714 1403 non
748 1369 972 1402 acciderit

330 1421 630 1459 contrarium,
689 1426 810 1458 quam
862 1415 970 1456 quod

331 1470 458 1509 vulgo
493 1477 511 1498 a
546 1474 693 1506 magna
726 1462 970 1494 multitudi-

331 1525 379 1547 ne
419 1518 605 1554 putatur
645 1510 697 1541 iis
747 1507 968 1540 accidere.

334 1559 487 1592 Eandem
530 1557 600 1590 fere
645 1555 850 1587 sententiam
892 1555 968 1585 illu-

332 1611 419 1638 strat
448 1602 674 1646 philosophus
709 1601 799 1632 Libr.
831 1600 908 1632 vn.
938 1610 968 1641 p.

330 1652 409 1686 821.
439 1655 469 1683 A
497 1661 570 1692 sqq.

382 1698 509 1732 P.9t}7.
538 1695 807 1739 ἀστρονομίᾳ
831 1706 874 1725 τε
901 1694 970 1724 καὶ

331 1747 430 1779 ταῖς
457 1757 493 1786 μ.
520 1744 573 1784 τ.]
605 1752 677 1783 per
703 1741 967 1773 astronomi-

330 1801 390 1822 am
418 1788 771 1829 coniunctaeque
803 1797 893 1818 cum
923 1797 967 1818 ea

331 1835 621 1869 necessarias
647 1832 968 1872 aliasdiscipli-

331 1879 967 1923 nasimpiosevadere‚quum,

330 1934 533 1969 quantum
554 1926 724 1968 quidem
746 1925 848 1957 fieri
875 1935 967 1966 pos-

331 1974 410 2014 sit,
445 1973 778 2015 perspexerint,
811 1981 876 2003 res
904 1981 968 2004 ne—

329 2021 545 2053 cessitate
570 2020 779 2058 existere,
803 2028 878 2049 nec
905 2028 968 2049 ve-

329 2076 376 2098 ro
403 2065 609 2098 consiliis
641 2065 970 2103 intelligentiae

329 2123 381 2144 ac
444 2111 698 2152 sapientiae
753 2110 802 2141 ad
860 2110 968 2140 bona

330 2156 613 2198 perficienda
647 2155 968 2197 spectantibus.

328 2203 575 2245 Pervulgatum
610 2202 696 2234 enim
731 2207 804 2235 erat
839 2211 968 2242 oppro-

329 2250 436 2282 brium
502 2247 714 2290 philosophis
779 2247 969 2279 obiectum.

330 2296 547 2337 disciplinam
580 2295 731 2336 ipsorum
769 2294 896 2325 versari
936 2293 967 2324 in

331 2342 435 2375 rebus
469 2340 622 2374 inanibus
654 2346 688 2372 et
713 2339 884 2372 hominnm
912 2349 967 2370 cn—

329 2393 424 2430 ptum
453 2387 713 2428 superantibus,
747 2391 849 2427 atque
880 2384 968 2418 adeo

328 2434 371 2466 ad
399 2433 576 2465 nefandam
600 2433 812 2474 impietatem
843 2431 966 2474 perdu-

329 2489 429 2522 cer03
458 2479 500 2511 de
525 2479 646 2520 quibus
672 2477 969 2511 criminationibus

329 2527 425 2565 legas
475 2527 572 2566 Apol.
613 2525 712 2557 Socr.
752 2537 782 2565 p.
828 2525 883 2560 23.
926 2523 967 2555 D.

330 2570 478 2601 Phaedr.
506 2582 536 2610 p.
565 2571 642 2605 270.
673 2574 710 2602 Α.
745 2572 904 2603 Ρειτηιοιι.
936 2579 966 2607 p.

331 2616 408 2650 135,
438 2617 479 2647 D.
512 2616 709 2657 Xenoph.
747 2617 848 2650 Mem.
883 2617 904 2647 l.
934 2616 967 2654 2,

329 2663 384 2697 31.
419 2663 494 2694 coll.
524 2662 632 2704 Legg.
660 2663 736 2694 Vll.
764 2674 794 2705 ρ.
820 2663 896 2697 821.
929 2664 965 2692 Α.

331 2719 463 2751 sqq.—
492 2707 697 2740 Διιίνοιαι
723 2708 967 2749 βουλήσεως

686 1116 729 1149 τὰ
755 1115 833 1158 γὰρ
860 1114 906 1157 δὴ
942 1114 1022 1156 πρὸ
1055 1118 1132 1148 τιῦν
1163 1115 1280 1161 Cym]
1314 1118 1355 1161 δὴ
1381 1130 1448 1154 om.
1479 1118 1516 1154 Ω.
1542 1131 1573 1153 v.
1598 1120 1623 1152 f.
1650 1131 1676 1152 r.

1042 1238 1140 1265 sunt:
1188 1234 1378 1268 consilia
1423 1245 1442 1267 a
1484 1235 1677 1277 sapienti

1042 1278 1383 1313 deliberatione
1462 1281 1676 1323 profecta.

1040 1324 1117 1357 Noli
1155 1327 1244 1358 enim
1282 1336 1356 1359 cum
1387 1328 1503 1359 Astio
1540 1332 1677 1369 putare,

1041 1371 1120 1402 talia
1162 1371 1226 1403 dici
1277 1374 1389 1405 solere
1435 1384 1496 1415 per
1544 1374 1676 1406 inanem

1041 1417 1261 1459 ineptamque
1287 1417 1562 1451 redundantiam.
1606 1419 1677 1451 lmo

1039 1464 1210 1505 genitivus
1269 1465 1381 1497 active
1435 1465 1677 1506 intelligendus

1040 1513 1112 1549 est,
1151 1509 1194 1541 ita
1236 1516 1273 1542 ut
1307 1511 1499 1552 significare
1539 1517 1678 1552 putetur

1039 1555 1090 1594 id,
1118 1556 1208 1597 unde
1232 1556 1312 1596 quid
1340 1558 1519 1598 proveniat
1543 1562 1578 1590 et
1603 1557 1675 1589 effi-

1039 1602 1158 1633 ciatur.
1210 1601 1269 1634 Sic
1313 1602 1398 1636 Vlll.
1441 1614 1473 1643 ρ.
1507 1602 1585 1637 840.
1628 1604 1677 1637 E:

1038 1646 1155 1688 φιλίης
1193 1645 1388 1689 ὁμολογίαι.
1427 1648 1487 1681 IX.
1531 1659 1562 1691 Ρ.
1598 1648 1677 1683 869.

1042 1698 1086 1723 A:
1118 1695 1240 1732 μανίαι,
1268 1691 1386 1735 ὀργῆς.
1420 1694 1507 1726 Ibld.
1536 1706 1568 1737 p.
1595 1695 1674 1729 873.

1038 1740 1083 1769 C:
1111 1738 1294 1781 ἀνανδρίας
1319 1740 1438 1771 δειλία.
1466 1740 1529 1772 IV.
1546 1752 1578 1783 ρ.
1597 1740 1675 1775 733.

1041 1785 1084 1818 [);
1120 1784 1277 1827 διατριβὴ
1314 1789 1374 1826 τῆς
1403 1785 1609 1827 μελλήσεως,
1645 1787 1676 1821 ΙΙ.

1040 1841 1070 1862 e.
1102 1832 1393 1863 commoratio
1426 1842 1472 1865 ex
1500 1839 1676 1864 cuncta-

1038 1877 1159 1908 tione
1185 1877 1401 1918 prot'ecta,
1427 1879 1470 1912 al.
1500 1896 1542 1902 --
1577 1877 1675 1920 ἄγα-

1040 1925 1130 1954 ouh
1165 1927 1258 1963 πέρι
1294 1924 1577 1965 τελουμένων,
1613 1925 1674 1956 bo·

1037 1978 1114 2000 num
1151 1969 1237 2001 enim
1271 1970 1459 2002 secundum
1493 1970 1674 2004 Platonem

1039 2014 1111 2046 Deo
1139 2015 1168 2046 in
1196 2015 1322 2048 mundo
1341 2016 1524 2048 condendo
1550 2022 1585 2049 et
1611 2026 1675 2058 gu·

1039 2060 1214 2093 bernando
1243 2062 1341 2093 unice
1367 2067 1420 2094 est
1443 2065 1675 2104 propositum,

1040 2112 1077 2138 ut
1103 2107 1245 2148 copiose
1278 2109 1309 2138 in
1336 2107 1484 2140 Timaeo
1517 2107 1673 2149 disputa-

1037 2157 1102 2185 tur.
1147 2153 1237 2183 cont‘.
1282 2154 1385 2185 etiam
1423 2152 1598 2185 Phaedon.
1641 2164 1673 2195 p.

1037 2198 1090 2232 97.
1120 2197 1158 2230 C.
1188 2199 1228 2229 Ι).

1084 2241 1151 2275 ὅτε
1181 2241 1321 2284 α”ψυχα
1363 2239 1468 2275 αὐτὰ
1513 2244 1559 2276 οἱ
1585 2245 1674 2277 δια-

1037 2289 1272 2329 νοούμενοι
1302 2288 1347 2331 δ.]
1374 2289 1507 2332 Carpit,
1534 2293 1674 2332 opinor,

1037 2339 1285 2376 Anaxagoram
1305 2337 1449 2378 eiusque
1469 2337 1672 2379 discipulos.

1035 2381 1124 2413 Nam
1148 2382 1407 2414 Clazomenium
1433 2384 1572 2424 quidem
1595 2384 1673 2424 phi-

1036 2429 1219 2469 losophum
1247 2434 1383 2460 constat
1409 2430 1581 2468 docuisse,
1607 2428 1672 2461 So-

1035 2475 1112 2513 lem,
1123 2475 1269 2515 Lunam,
1282 2476 1351 2506 alia
1360 2475 1488 2514 sidera,
1501 2475 1585 2506 nihil
1597 2486 1672 2507 esse

1037 2521 1132 2552 aliud
1158 2532 1259 2562 quam
1284 2522 1408 2562 globos
1433 2527 1591 2552 terrenos
1619 2523 1671 2553 vel

1038 2568 1196 2608 lapideos
1223 2573 1255 2599 et
1280 2568 1415 2608 igneos,
1432 2572 1537 2608 atque
1555 2568 1673 2599 anima

1037 2620 1069 2645 et
1089 2619 1201 2645 mente
1220 2615 1357 2655 penitus
1378 2623 1505 2645 carere.
1522 2623 1551 2644 v.
1575 2615 1671 2654 Apo-

1037 2660 1104 2701 lng.
1124 2659 1257 2692 Socrat,
1278 2670 1309 2700 p.
1333 2659 1390 2693 26.
1404 2658 1447 2690 D.
1463 2659 1503 2694 Ε,
1524 2664 1558 2690 et
1583 2669 1673 2700 quae

1035 2707 1210 2748 disputata
1244 2712 1323 2737 sunt
1354 2705 1463 2746 Legg.
1496 2704 1536 2738 X.
1579 2717 1606 2736 c.
1639 2705 1670 2739 2.
