1781 2971
317 142 397 183 446
745 136 828 178 DE
857 134 1231 178 EPINOMIDIS

318 250 444 293 mode
475 249 683 291 adiecisse
717 249 948 290 videretur.
1010 248 1114 289 Fuit
1145 249 1257 289 enim
1284 248 1327 289 in
1358 263 1407 289 ea
1435 248 1659 301 sententia,

318 321 365 349 ut
400 306 744 348 mathematicam
781 306 987 362 imprimis
1023 306 1244 346 scientiam
1285 319 1473 347 summos
1514 305 1662 346 Plato-

318 365 441 405 nicae
472 363 660 405 civitatis
692 364 734 403 in
765 363 960 418 Legibus
992 362 1191 404 conditae
1221 368 1386 403 tutores
1416 361 1566 403 decere
1595 377 1662 403 ar-

321 422 567 473 bitraretur,
601 419 653 460 de
683 434 769 473 qua
797 435 842 460 re
874 425 974 475 post
1013 419 1182 474 paullo,
1223 419 1296 460 ubi
1341 418 1393 460 de
1434 419 1662 474 principali

321 478 419 520 libri
452 484 705 532 argumento
738 476 1044 531 disputabitur,
1077 475 1382 530 explicabimus
1409 476 1662 517 accuratius.

323 535 416 575 Iam
446 549 547 575 vero
584 534 689 574 alter
720 533 855 586 locus,
881 548 965 587 quo
987 539 1138 573 auctor
1157 533 1289 574 libelli
1312 532 1367 573 ad
1391 532 1664 573 scribendum

323 592 529 632 invitatus
571 597 663 643 est,
708 596 826 631 extat
871 590 988 633 Libr,
1018 589 1128 630 XII.
1165 605 1206 645 p.
1235 591 1329 630 966.
1362 588 1412 635 C.
1452 603 1551 644 sqq.
1593 588 1667 630 ubi

325 648 505 690 docetur
545 647 812 702 principibus
854 646 937 688 illis
979 645 1189 699 civitatis,
1247 645 1298 686 de
1347 646 1502 700 quibus
1538 645 1666 686 modo

323 705 482 746 iniecta
513 712 578 745 est
608 704 785 749 mentio,
817 711 986 758 praeter
1015 703 1192 743 aliarum
1214 718 1354 743 rerum
1376 702 1667 758 cognitionem

325 761 533 817 imprimis
566 761 693 802 etiam
724 760 1040 812 arithmeticae,
1074 760 1358 815 geometriae,
1398 759 1667 814 maximeque

327 818 615 861 astronomiae
646 817 825 859 scientia
854 832 962 872 opus
992 817 1099 868 fore,
1130 817 1379 871 praesertim
1408 831 1538 870 quum
1567 814 1669 856 inde

327 876 456 917 etiam
486 874 664 916 deorum
696 881 739 915 et
769 880 888 915 recta
917 874 1107 929 cognitio
1139 879 1182 913 et
1220 872 1409 927 prudens
1447 872 1668 913 veneratio

328 939 430 988 apta
466 946 516 973 ac
555 946 767 987 suspensa
808 945 906 971 esse
942 929 1152 970 videatur.
1224 929 1323 981 Quo
1368 935 1510 970 tamen
1555 929 1668 981 loco,

328 996 613 1045 posteaquam
660 987 858 1029 nocturni
907 987 1235 1041 magistratuum
1285 985 1456 1041 collegii
1497 985 1671 1026 uberior

330 1045 555 1101 proposita
583 1051 649 1085 est
678 1043 926 1098 descriptio,
957 1043 1029 1084 ubi
1062 1050 1236 1083 ventum
1269 1048 1335 1083 est
1365 1042 1418 1083 ad
1436 1042 1670 1098 depingen-

331 1102 426 1143 dam
459 1101 688 1143 custodum
718 1101 897 1143 istorum
926 1100 1267 1152 institutionem,
1299 1113 1368 1140 res
1399 1099 1670 1154 paucissimis

333 1159 583 1210 absolvitur,
615 1165 664 1198 ut
693 1157 930 1212 disputatio
962 1157 1005 1197 in
1044 1155 1187 1197 medio
1232 1155 1382 1197 relicta
1420 1170 1514 1198 esse
1552 1155 1671 1196 vide-

333 1225 440 1258 atur.
501 1215 783 1271 Significatur
812 1215 924 1255 enim
958 1213 1040 1254 hoc
1070 1228 1203 1254 unum
1233 1219 1414 1259 tantum,
1445 1213 1672 1268 magistra-

332 1281 403 1314 tus
444 1272 550 1313 istos
589 1272 740 1326 utique
782 1271 897 1312 omui
936 1269 1134 1311 doctrina
1188 1276 1316 1323 atque
1357 1270 1571 1324 sapientia
1608 1269 1673 1310 in-

335 1337 522 1372 structos
554 1344 647 1370 esse
678 1327 898 1382 oportere3
931 1342 981 1368 ac
1004 1327 1189 1380 denique
1210 1326 1397 1380 additur,
1424 1342 1510 1367 non
1530 1333 1672 1367 tamen

335 1389 418 1428 iam
464 1400 579 1426 nunc
620 1400 749 1440 posse
790 1384 1041 1436 diiudicari,
1083 1398 1289 1438 quasnam
1330 1384 1428 1424 illos
1477 1390 1590 1424 artes
1632 1389 1675 1422 et

339 1442 512 1497 quando
544 1451 619 1483 aut
651 1441 859 1496 quamdiu
890 1441 1055 1482 discere
1087 1440 1328 1493 conveniat,
1365 1440 1408 1481 id
1441 1439 1557 1494 quod
1589 1439 1675 1494 ipsi

337 1516 415 1542 suo
455 1506 648 1555 tempore
686 1499 838 1540 melius
878 1499 964 1540 sint
1006 1497 1292 1548 intellecturi,
1331 1497 1404 1539 ubi
1443 1495 1674 1551 aliquando

337 1571 506 1599 omnem
545 1556 868 1610 disciplinarum
912 1555 998 1596 vim
1037 1555 1330 1607 rationemque
1382 1554 1534 1595 animis
1585 1553 1674 1595 suis

338 1613 756 1669 comprehenderint.
831 1613 961 1653 Hunc
1004 1611 1138 1667 igitur
1182 1611 1322 1652 locum
1362 1610 1489 1652 homo
1529 1617 1677 1652 noster

337 1672 439 1712 item
469 1670 523 1710 ob
557 1669 706 1711 oculos
736 1669 900 1721 habuit,
934 1669 1094 1723 quippe
1127 1668 1198 1722 qui
1237 1682 1424 1709 summos
1462 1667 1558 1708 illos
1588 1681 1675 1708 ma-

339 1728 569 1784 gistratus,
611 1726 685 1779 qui
727 1732 984 1767 nocturnum
1035 1724 1264 1780 collegium
1305 1723 1418 1779 apud
1452 1723 1676 1765 Platonem

338 1783 628 1835 constituunt,
673 1783 915 1824 accuratius
947 1780 1186 1822 deformare
1228 1795 1461 1834 eorumque
1505 1780 1677 1822 institu-

338 1841 499 1882 tionem
520 1839 704 1894 plenius,
738 1854 865 1893 quam
886 1837 999 1894 apud
1019 1839 1160 1893 ipsum
1181 1837 1485 1893 philosophum
1518 1838 1677 1878 factum

340 1904 421 1949 est,
454 1896 655 1938 exhibere
686 1903 869 1938 conatus
901 1897 972 1948 sit,
1013 1902 1144 1949 atque
1184 1894 1229 1935 id
1274 1895 1414 1950 ipsum
1458 1909 1508 1935 eo
1550 1892 1678 1935 modo

339 1968 545 2010 peragere
577 1953 828 2004 decreverit,
861 1959 909 1993 ut
941 1967 1051 2006 quae
1082 1952 1124 1992 in
1158 1951 1266 1993 libro
1296 1952 1464 2008 Legum
1492 1950 1678 2005 septimo

340 2011 393 2052 de
424 2010 819 2052 mathematicarum
854 2009 1174 2064 disciplinarum
1216 2007 1424 2063 dignitate
1468 2022 1519 2049 ac
1556 2021 1679 2062 prae-

341 2068 500 2110 stantia
531 2067 629 2108 data
660 2067 718 2107 rei
751 2067 1072 2122 opportunitate
1105 2062 1351 2120 significata
1381 2071 1497 2116 sunt,
1532 2079 1582 2104 ea
1625 2062 1679 2103 ad

342 2124 620 2179 magistratus
651 2124 758 2164 istos
790 2138 1022 2177 eorumque.
1061 2122 1374 2164 institutionem
1413 2130 1542 2174 atque
1585 2135 1679 2160 eru-

343 2181 552 2223 ditionem
583 2179 924 2222 traducerentur.
988 2181 1139 2233 ltaque
1171 2178 1327 2219 homini
1361 2183 1506 2218 nostro
1535 2175 1575 2216 id
1603 2177 1681 2217 fuit

343 2238 628 2294 propositum,
661 2244 708 2278 ut
738 2252 846 2291 opus
878 2236 1142 2277 Platonicum
1177 2235 1297 2288 quasi
1325 2235 1367 2275 in
1389 2234 1680 2289 integritatem

345 2310 466 2338 suam
498 2294 735 2336 restituisse
768 2302 810 2335 et
839 2308 946 2348 quae
978 2294 1018 2333 in
1053 2307 1102 2333 eo
1135 2290 1503 2338 desiderarentur,
1545 2305 1680 2344 quan-

345 2359 435 2393 tum
468 2351 559 2392 fieri
591 2357 763 2407 posset,
807 2351 937 2392 menti
980 2365 1028 2389 ac
1071 2349 1308 2390 sententiae
1349 2348 1501 2390 summi
1542 2347 1679 2402 philo-

346 2408 471 2464 sophi
501 2408 808 2449 convenienter
837 2406 1054 2448 addidisse
1083 2420 1131 2445 ac
1162 2406 1431 2460 supplevisse
1462 2404 1680 2446 existima·

347 2474 474 2506 retur.
536 2464 807 2519 Quamquam
838 2464 989 2505 merito
1026 2461 1212 2503 dubitari
1243 2463 1421 2514 poterit,
1456 2476 1552 2502 num
1584 2459 1680 2500 Pla-

348 2523 461 2563 tonis
481 2523 735 2564 sententiam
757 2520 1013 2578 perverterit
1032 2520 1174 2575 potius
1197 2527 1239 2560 et
1271 2518 1451 2561 subdole
1477 2517 1530 2558 ad
1561 2531 1680 2558 suam

347 2579 484 2634 ipsius
516 2579 725 2620 rationem
755 2576 1168 2623 accommodaverit,
1201 2592 1327 2630 quam
1368 2575 1481 2616 illius
1522 2573 1682 2615 doctri-

349 2651 447 2676 nam
478 2635 664 2677 fideliter
706 2635 966 2692 expresserit
995 2640 1037 2675 et
1077 2633 1451 2675 consummaverit.
1511 2629 1598 2673 Sed
1628 2630 1681 2671 de

352 2692 433 2734 hac
473 2707 516 2733 re
557 2692 640 2733 alio
680 2693 773 2735 loeo
821 2691 1071 2733 videbimus.
1149 2690 1421 2732 Revertimur
1467 2702 1581 2729 nunc
1629 2686 1682 2728 ad
