1781 2971
327 167 409 209 46ss
758 163 841 206 DE
876 161 1252 205 EPINOMIDIS

328 293 430 320 vera
460 276 593 318 libelli
624 280 776 317 auctor
806 275 910 330 fuit,
954 276 1255 332 Epinomidem
1300 282 1398 320 ante
1440 275 1522 317 hoc
1567 284 1672 319 tem-

327 349 410 391 pus
442 332 630 376 edidisse
658 331 917 375 iudicandus
950 334 1020 375 sit.
1092 337 1153 375 At
1190 336 1302 376 enim
1335 348 1436 376 vero
1471 335 1544 377 illo
1575 336 1671 390 qui-

330 392 660 446 dem'tempore
700 389 842 444 ipsum
883 398 1039 445 sponte
1078 391 1331 448 intelligitur
1384 391 1468 432 iam
1509 391 1674 448 ‘grandi

331 454 558 490 senectute
588 446 720 487 fuisse
752 462 1018 502 oppressum.
1088 448 1305 490 Narratur
1334 447 1470 501 enim,
1502 456 1551 489 ut
1582 464 1673 489 mo-

332 505 388 546 do
431 503 640 556 vidimus,
684 518 771 544 non
816 510 982 544 tantum
1021 503 1272 558 Platonem,
1315 504 1392 545 sed
1434 505 1560 547 etiam
1592 505 1673 548 So-

333 567 493 603 cratem
525 560 762 612 audivisse,
795 567 843 602 ut
872 571 973 616 post
1004 560 1179 617 Olymp.
1201 561 1325 603 CXI.
1360 563 1397 604 ²2.
1430 577 1562 603 senex
1587 562 1674 603 fere

334 618 580 674 decrepitus
626 617 768 657 fuerit.
847 617 966 670 Quid
1012 618 1174 674 igitur?
1229 634 1457 673 quamnam
1499 618 1674 659 tandem

334 690 530 717 caussam
559 674 691 716 fuisse
722 675 1089 728 existimabimus,
1132 691 1207 717 cur
1247 684 1331 716 tam
1374 676 1518 717 multis
1550 676 1674 716 annis

334 739 454 788 post,
498 747 626 786 quam
666 731 809 787 Leges
836 731 1031 772 Platonis
1071 747 1093 773 e
1138 734 1293 773 ceratis
1326 732 1483 774 tabulis
1514 732 1673 774 descri-

334 796 432 845 ptas
465 787 790 844 divulgaverat,
836 788 965 829 talem
1004 789 1088 831 illis
1132 790 1425 831 accessionem
1457 796 1674 844 tamquam

337 845 497 887 cumuli
527 846 661 887 instar
702 844 1001 886 subiunxerit?
1069 845 1303 888 Enimvero
1358 846 1393 888 si
1441 861 1548 901 opus
1590 846 1677 886 Le-

337 919 438 959 gum
472 918 550 958 pro
585 916 737 943 manco
778 908 821 943 et
859 903 1112 957 imperfecto
1152 903 1325 955 hahuit,
1369 909 1485 944 certe
1526 903 1675 944 verisi-

337 960 437 1001 mile
471 965 559 1009 est,
604 973 699 999 eum
731 959 814 999 iam
845 974 929 1013 quo
963 965 1154 1014 tempore
1185 959 1291 1000 illud
1323 960 1507 1014 primum
1537 959 1581 999 in
1614 959 1678 1000 lu-

339 1032 430 1057 cem
464 1015 601 1058 edidit
631 1015 930 1070 suppleturum
963 1016 1094 1057 fuisse
1127 1031 1237 1070 quae
1271 1015 1325 1057 ad
1369 1014 1460 1057 eius
1498 1016 1678 1072 integri-

335 1080 470 1115 tatem
503 1071 654 1114 deesse
682 1071 944 1114 viderentur.

455 1132 516 1170 At
559 1144 686 1179 vero,
729 1128 886 1169 dixerit
925 1127 1164 1183 quispiam,
1205 1127 1325 1170 istud
1363 1128 1503 1184 ipsum
1535 1134 1678 1168 tamen

340 1186 513 1228 videtur
545 1185 753 1227 eiusmodi
787 1193 895 1239 esse,
931 1184 1043 1226 unde
1077 1185 1268 1227 libellum
1299 1185 1543 1241 aPhilippo
1576 1185 1679 1226 scri-

340 1250 460 1300 ptum
485 1258 579 1284 esse
607 1242 896 1283 verisimiliter
922 1242 1136 1283 coniicere
1156 1242 1297 1285 liceat.
1359 1242 1545 1298 Scripsit
1568 1241 1680 1282 enim

342 1301 460 1344 illum
502 1315 658 1352 senex,
702 1298 1063 1354 quemadmodum
1102 1299 1230 1340 etiam
1272 1300 1498 1341 Platonem
1538 1299 1682 1339 ferunt

342 1356 496 1414 grandi
540 1356 710 1397 demum
754 1362 979 1398 senectute
1013 1356 1157 1412 Leges
1199 1371 1298 1398 suas
1336 1357 1492 1397 litteris
1533 1369 1681 1396 exara-

340 1415 469 1455 visse.
541 1413 715 1454 Etenim
755 1413 861 1454 vitia
900 1413 997 1466 illa,
1040 1413 1197 1467 quibus
1236 1413 1460 1469 Epinomis
1498 1411 1680 1464 laborat,

346 1478 463 1512 certe
495 1471 719 1525 scriptoris
752 1476 1018 1512 senectutem
1046 1476 1235 1526 arguunt
1264 1469 1460 1525 adeoque
1491 1468 1592 1510 inde
1615 1483 1683 1509 sa-

342 1529 400 1570 tis
432 1526 633 1569 idoneam
663 1527 823 1569 habent
855 1526 1189 1568 excusationem.
1252 1526 1323 1568 Ad
1354 1541 1463 1582 quae
1497 1524 1681 1577 accedit,

343 1584 461 1639 quod
498 1585 543 1625 in
585 1599 635 1625 ea
670 1585 801 1625 etiarn
832 1584 1060 1625 manifesta
1091 1579 1474 1639 deprehenduntur
1501 1581 1686 1638 vestigia

342 1641 459 1683 illius
500 1641 836 1696 philosophandi
878 1641 1081 1694 rationis,
1132 1655 1241 1695 quae
1292 1647 1461 1682 mortuo
1503 1639 1684 1680 Platone

343 1697 445 1739 inde
476 1713 500 1738 a
528 1698 775 1753 Speusippo
806 1698 1105 1753 imprimisque
1135 1697 1236 1738 inde
1269 1713 1293 1738 a
1321 1696 1584 1738 Xenocratis
1615 1710 1684 1736 ae-

345 1760 435 1796 tate
466 1754 509 1795 in
542 1755 676 1795 veteri
709 1754 946 1795 Academia
977 1769 1157 1809 regnare
1190 1754 1347 1808 coepit.
1418 1753 1529 1794 Tum
1573 1752 1684 1793 enim

347 1811 543 1853 doctrina
570 1811 767 1852 Platonis
800 1810 854 1852 ad
873 1811 1245 1866 Pythagoreorum
1278 1810 1486 1851 rationem
1518 1823 1686 1850 accom-

347 1867 513 1910 modari
545 1875 702 1922 coepta
732 1875 823 1917 est,
869 1874 998 1922 atque
1030 1875 1120 1908 tum
1154 1868 1282 1908 etiam
1324 1868 1383 1908 ita
1413 1865 1597 1919 accidit,
1640 1871 1687 1906 ut

347 1924 504 1967 studiis
537 1925 851 1966 mathematicis
883 1924 1142 1981 praecipuus
1183 1925 1225 1965 in
1257 1923 1534 1980 philosophia
1564 1923 1684 1964 locus

347 1981 682 2035 concederetur,
726 1982 886 2037 quippe
919 1996 1049 2035 quum
1081 1982 1245 2022 numeri
1277 1980 1384 2022 adeo
1416 1981 1460 2021 in
1491 1979 1684 2021 idearum

347 2039 490 2080 locum
522 2039 848 2080 successissent.
919 2038 1037 2091 Quid
1078 2038 1237 2095 igitur?
1278 2038 1475 2093 potuitne
1516 2037 1595 2078 hac
1625 2051 1685 2076 re-

349 2111 442 2137 rum
475 2095 723 2136 conditione
752 2096 813 2136 ita
842 2095 948 2147 fieri,
982 2102 1032 2136 ut
1057 2094 1329 2151 Epinomidis
1359 2102 1511 2136 auctor
1540 2094 1685 2148 Leges

347 2152 542 2193 Platonis
582 2167 632 2193 eo
673 2151 801 2192 modo
832 2152 1034 2207 supplere
1066 2159 1317 2203 conaretur,
1361 2151 1430 2205 qui
1476 2156 1590 2191 esset
1621 2163 1686 2189 re-

350 2208 531 2252 centiori
568 2209 888 2250 Platonicorum
921 2208 1144 2250 doctrinae
1184 2206 1475 2249 conveniens?
1549 2205 1687 2246 Audi-

350 2280 444 2307 mus
477 2281 601 2318 vero,
643 2265 836 2320 adeoque
869 2265 975 2306 hacc
1009 2266 1150 2306 omnia
1181 2265 1375 2320 speciose
1417 2265 1477 2305 ita
1508 2263 1594 2304 dici
1624 2262 1683 2303 lu-

350 2323 503 2363 benter
531 2322 748 2377 largimur.
818 2321 1110 2364 Nihilominus
1152 2329 1291 2363 autem
1323 2322 1415 2362 iure
1446 2327 1594 2362 nostro
1625 2319 1687 2359 vi-

351 2379 501 2426 demur
533 2379 795 2421 contendere
827 2386 870 2420 et
899 2393 1161 2426 asseverare,
1194 2378 1341 2420 eadem
1373 2378 1408 2419 si
1441 2376 1687 2419 accuratius

350 2436 508 2477 fuerint
540 2437 796 2489 examinata,
826 2437 888 2477 ita
920 2436 1107 2476 futurum
1141 2450 1257 2487 esse,
1299 2445 1348 2476 ut
1386 2434 1500 2476 omni
1532 2433 1686 2488 proba-

350 2493 519 2533 bilitate
552 2492 761 2534 destituta
794 2507 888 2535 esse
920 2491 1154 2533 iudicanda
1186 2492 1424 2533 videantur.
1495 2491 1607 2532 Nam
1640 2497 1688 2530 ut

352 2549 455 2590 nihil
487 2549 678 2592 dicamus
721 2550 773 2591 de
813 2565 886 2602 eo,
929 2548 1045 2603 quod
1086 2565 1137 2590 ne
1182 2550 1263 2591 hac
1305 2548 1477 2603 quidem
1518 2547 1686 2588 ratione

351 2605 618 2661 intelligitur,
653 2622 728 2648 cur
749 2607 978 2661 Philippus
1010 2612 1094 2646 tam
1128 2621 1222 2649 sero
1254 2606 1531 2662 scriptionem
1563 2605 1687 2644 istam
1738 2616 1746 2623 ·

350 2662 608 2708 instituerit:
642 2663 714 2705 illa
743 2665 858 2720 ipsa,
893 2678 1001 2717 quae
1034 2662 1263 2714 dicuntur,
1298 2662 1485 2705 novitiae
1517 2659 1686 2701 Acade-

351 2719 557 2761 micorum
590 2719 813 2763 doctrinae
844 2719 1030 2776 vestigia
1058 2719 1269 2763 eiusmodi
1309 2725 1435 2771 sunt,
1475 2724 1524 2759 ut
1555 2717 1688 2759 homi-
