1781 2971
196 862 276 901 877

313 151 364 185 sm
759 144 1133 188 PLATQNIS

314 261 398 302 τῶν
435 263 692 316 ἔμπροσθεν
728 260 1030 315 νομοθετήσει
1078 262 1244 317 νόμων,
1294 259 1340 303 τὸ
1379 260 1656 318 περιγραφήν

312 343 354 370 τε
390 329 462 368 καὶ
501 324 605 376 τοὺς
649 325 814 376 τύπους
859 329 946 369 τῶν
985 329 1202 383 τιμωριῶν
1249 326 1454 378 εἰπόντας
1500 330 1658 371 δοῦναι

312 390 363 434 τὰ
405 395 742 448 παραδείγματα
788 401 898 436 τοῖσι
945 396 1171 444 δικασταῖς
1206 396 1286 436 τοῦ
1322 393 1382 448 μή
1419 410 1525 436 ποτε
1558 396 1657 448 βαί-

310 475 400 501 νειν
437 458 513 510 ἔξω
549 461 629 511 τῆς
665 462 796 512 δι’ίιης,
834 458 932 502 τότε
968 476 1013 502 τε
1049 453 1105 511 ἦν
1151 459 1391 516 ὀρθότατα
1438 465 1540 516 ἔχον
1583 463 1657 502 καὶ

310 523 363 575 δὴ
401 527 474 567 καὶ
509 527 590 568 νῦν
622 529 757 569 τοῦτο
795 523 906 568 αὐτὸ
951 531 1158 577 ποιητέον
1203 526 1540 576 ἐπανελθόντας
1575 524 1658 578 ἤδη

309 590 442 634 πάλιν
477 594 546 634 ἐπὶ
583 590 687 642 τοὺς
719 591 899 647 νόμους.
937 590 963 643 ἡ
995 590 1047 644 δὴ
1082 591 1231 651 γραφὴ
1270 596 1365 649 περὶ
1403 592 1659 649 τραύματος

308 651 391 701 ὦὸε
439 656 543 713 ἡμῖν
590 661 771 702 κείσθω.
817 658 895 701 ὲαν
944 675 1008 709 τις
1054 661 1317 711 ὃιανοηθεις
1353 662 1404 720 τῆ
1451 658 1656 713 βουλήσει

309 729 475 767 κτεῖναί
509 741 610 767 τινα
647 729 813 784 φίλιον,
854 724 970 776 πλὴν
999 718 1060 768 ὧν
1088 723 1110 768 ὁ
1149 724 1287 780 νόιιος
1321 730 1480 784 ἐφίησι,
1516 724 1657 785 τρώση

309 796 407 846 μὲν,
447 791 708 836 ἀποκτεῖναι
748 795 794 835 δὲ
830 790 1114 851 ἀδυνατηση,
1153 790 1231 835 τὸν
1268 795 1575 844 διανοηθέντα
1611 808 1657 835 τε

310 861 381 902 καὶ
417 858 649 914 τρώσαντα
686 857 827 909 οὕτως
862 857 942 901 οὐκ
977 856 1104 910 ἄξιον
1139 861 1282 910 ἐλεεῖν,
1318 858 1420 902 οὐδὲ
1454 858 1658 913 αἰδούμε·

310 942 390 968 νον
425 925 568 974 ἄλλως
602 924 628 978 ἢ
665 925 878 981 καθάπερ
915 923 1243 968 ἀποκτείναντα
1278 924 1450 981 ὑπέχειν
1485 923 1568 978 τὴν
1596 927 1659 968 δι’·

310 1008 405 1046 κην,
428 991 574 1049 φόνου
609 991 899 1048 ἀναγκάζειν·
937 989 1019 1043 τὴν
1056 994 1100 1034 δὲ
1131 991 1183 1035 οὐ
1220 993 1483 1035 παντάπασι
1518 990 1659 1044 κακὴν

308 1058 444 1114 τύχην
480 1058 622 1102 αὐτοῦ
658 1059 901 1114 σεβόμενον
936 1061 1006 1100 καὶ
1045 1057 1125 1101 τὸν
1160 1062 1372 1112 δαίμονα,
1420 1057 1468 1108 ὃς
1516 1057 1658 1102 αὑτὸν

308 1128 379 1168 καὶ
413 1124 493 1168 τὸν
531 1128 764 1181 τρωθέντα
803 1122 983 1177 ἐλεήσας
1017 1125 1278 1180 ἀπότροπος
1305 1125 1457 1176 αὐτοῖς
1491 1130 1658 1180 ἐγένετο

307 1193 368 1247 μὴ
406 1194 465 1246 τῷ
501 1195 582 1248 μὲν
616 1192 806 1235 ἀνίατον
843 1194 964 1241 ἕλκος
998 1195 1220 1246 γενέσθαι,
1259 1195 1318 1247 τῷ
1351 1195 1395 1236 δὲ
1431 1191 1659 1248 ἐπάρατον

308 1258 445 1315 τύχην
482 1262 552 1302 καὶ
590 1259 836 1319 ξυμφοράν,
875 1257 1017 1313 τούτῳ
1044 1258 1097 1311 δη
1132 1259 1267 1315 χάριν
1295 1261 1354 1314 τῷ
1391 1262 1565 1314 δαίμονι
1596 1262 1660 1302 δι-

403 1414 444 1445 Ε.
497 1413 589 1446 τότε
621 1424 660 1444 ιε
692 1408 740 1455 ἦν
778 1410 1028 1455 ὀρθότατα]
1067 1423 1099 1444 τε
1125 1423 1191 1446 om.
1221 1414 1265 1446 A.
1289 1412 1313 1444 f.
1341 1413 1373 1444 h.
1400 1424 1426 1445 r.
1452 1425 1483 1447 a.
1511 1412 1540 1445 δ.
1569 1425 1600 1446 o.
1626 1423 1659 1446 et

312 1471 365 1502 pr.
397 1458 435 1491 Ω.
485 1460 576 1492 Dein
602 1458 840 1491 ἐπανελθόντα
869 1470 916 1492 sc.
944 1457 1033 1495 τινά,
1065 1458 1171 1491 Schn.
1204 1469 1280 1490 cnm
1308 1460 1352 1490 A.
1383 1456 1420 1491 Ω.
1447 1460 1486 1494 Ξ.
1514 1471 1545 1490 v.
1573 1461 1596 1492 f.
1622 1461 1656 1492 h.

311 1517 339 1538 r.
367 1516 398 1538 a.
427 1517 454 1538 e.
483 1505 512 1537 δ.
541 1516 573 1537 o.
600 1515 664 1546 pro
692 1503 958 1537 ἐπανελθόντας.
1004 1505 1073 1537 Sed
1098 1515 1262 1536 numerus
1289 1506 1479 1545 singularis
1505 1507 1562 1538 hic
1588 1517 1658 1539 non

311 1553 449 1584 videtur
473 1552 639 1584 ferendus
671 1561 766 1594 esse,
802 1563 908 1593 quum
943 1552 1173 1584 Atheniensis
1203 1561 1273 1582 non
1305 1552 1347 1583 de
1374 1562 1505 1584 senno
1539 1553 1657 1595 aliqno

308 1599 484 1651 loqnatnr.

1020 1705 1192 1741 ἀπέκτεινέ
1227 1719 1298 1739 ma
1333 1709 1458 1748 φίλιοι
1485 1725 1525 1730 -
1553 1707 1659 1750 πλὴν

1021 1748 1279 1794 ὦνὸνόμος
1311 1753 1505 1796 ἑφίωησιι
1540 1764 1658 1787 exee-

1019 1802 1106 1842 ptis
1138 1802 1211 1841 iis,
1243 1810 1350 1842 qnae
1382 1801 1449 1832 lex
1480 1802 1658 1841 permit-

356 1710 398 1741 Ε.
436 1708 478 1741 τὸ
505 1707 793 1750 περιγραφήν
818 1719 857 1740 τε
881 1710 950 1740 καὶ

312 1754 414 1788 τοὺς
456 1754 647 1796 τύπους]
702 1760 756 1786 ut
800 1756 950 1787 adum-

312 1802 562 1834 brationem
607 1806 739 1842 atque
788 1802 949 1833 descri-

313 1849 509 1889 ptionem
546 1857 786 1889 poenarum
832 1847 948 1879 exhi·
1020 1848 1083 1878 tit.
1135 1846 1194 1879 Sic
1222 1852 1314 1879 recte
1341 1845 1598 1878 Cornarius.

311 1895 466 1926 bentes
490 1893 718 1925 iudicibus
746 1894 949 1925 daremus

311 1940 529 1981 exempla,
565 1940 843 1980 quominus
877 1949 950 1970 un·
1067 1937 1105 1970 P.
1131 1937 1211 1972 877.
1262 1933 1368 1969 οὐδὲ
1392 1935 1659 1976 αἰδούμενον

311 1996 437 2028 quam
461 1986 683 2017 iustitiam
709 1985 881 2021 (iustitiae
905 1985 952 2017 le—
1020 1982 1381 2025 dutus-Meque
1406 1983 1495 2015 alia
1517 1984 1657 2025 leges.

310 2032 391 2073 ges)
418 2032 676 2072 migrarent.
725 2030 874 2062 Devoc.
895 2042 952 2062 πε·
1020 2031 1176 2069 aliter,
1230 2040 1351 2070 quam
1398 2029 1658 2062 interfecto—

311 2075 464 2118 ριγραφή
498 2088 529 2108 v.
560 2078 606 2109 ad
641 2076 704 2108 VI.
735 2086 768 2116 p.
799 2076 876 2111 768-
913 2077 952 2109 C.

311 2123 397 2157 770.
417 2123 458 2154 Β.
508 2123 619 2154 Usum
638 2132 714 2154 voc.
742 2119 849 2153 τύπος
873 2122 952 2154 illu·

311 2169 499 2201 stravimus
525 2169 569 2200 ad
594 2168 704 2208 Legg.
729 2167 795 2199 IV.
822 2179 855 2209 p.
873 2168 948 2202 718.

312 2213 352 2246 C.
379 2215 425 2247 al.
472 2215 560 2246 Mox
593 2210 950 2246 accus.e'nmeiff61-

311 2269 370 2292 ιας
399 2261 529 2302 pendet
559 2270 602 2292 ex
639 2259 818 2300 ποιητέον,
854 2260 888 2290 h.
923 2270 951 2291 e.

312 2310 422 2338 ποιεῖν
447 2304 514 2345 δεῖ;
538 2317 569 2337 v.
587 2305 632 2338 ad
647 2306 750 2338 VIII.
771 2317 803 2347 p.
818 2305 894 2340 793.
909 2306 951 2338 E.

368 2372 388 2416 ἡ
427 2373 474 2416 δὴ
522 2371 663 2416 γραφὴ
701 2375 795 2415 περὶ
831 2384 949 2416 τραυ-

309 2419 461 2464 μάτων]
479 2420 736 2462 Cognationem
755 2421 879 2452 harum
899 2420 947 2452 le—

309 2477 391 2507 gum
425 2477 501 2499 cum
535 2467 610 2498 iure
651 2467 771 2498 Attico
808 2467 950 2498 demon-

310 2512 444 2544 stravit
482 2513 713 2544 Hermann.
751 2512 806 2544 De
848 2512 950 2545 vesti-

309 2559 377 2599 giis
403 2562 466 2590 ctr.
491 2569 526 2600 p,
553 2558 597 2592 57
623 2568 697 2599 sqq.

354 2628 466 2657 κτειι-
477 2636 516 2657 αι
543 2637 636 2658 τινα
662 2626 828 2668 quitor]
855 2626 899 2658 H.
917 2637 947 2658 e.

306 2683 350 2703 ου
376 2671 546 2710 πολέμιον.
574 2673 669 2704 conf.
695 2683 728 2713 p.
749 2672 827 2707 865.
853 2674 890 2703 ει
900 2681 947 2704 ιιι

304 2716 342 2748 ἐι
366 2729 408 2758 α)
412 2717 472 2749 niu
500 2729 552 2749 και
568 2716 693 2750 ἄθλοις
709 2716 887 2759 δημοσίοις
905 2736 944 2742 -

1019 2087 1114 2115 rem,
1141 2081 1416 2107 reverentem
1441 2076 1598 2116 (veniam
1626 2077 1656 2108 ei

1018 2123 1291 2163 impertientem)
1305 2131 1478 2161 eogere,
1496 2126 1539 2152 ut
1563 2131 1656 2162 poe·

1019 2178 1104 2199 nam
1130 2167 1277 2198 caedis
1308 2167 1475 2198 subeat.
1523 2167 1580 2199 De
1605 2166 1655 2198 al·

1021 2211 1157 2244 δεῖσθαι
1189 2223 1224 2243 v.
1257 2212 1302 2244 ad
1333 2223 1365 2254 p.
1391 2211 1469 2246 866.
1502 2214 1547 2245 A.
1578 2212 1657 2248 867.

1020 2259 1063 2290 Ε.
1089 2258 1258 2290 Proxima
1282 2259 1332 2290 sic
1355 2259 1558 2300 intellegas:
1584 2261 1658 2291 sed

1022 2305 1247 2336 fortunam
1280 2305 1376 2336 eius
1406 2314 1488 2337 non
1527 2305 1656 2336 omni-

1022 2361 1075 2383 no
1114 2351 1346 2383 adversam
1397 2355 1438 2382 et
1481 2351 1656 2391 genium

1022 2397 1227 2429 venerari
1261 2397 1407 2436 debet,
1444 2398 1518 2437 qui
1554 2397 1656 2438 ipsi-

1021 2453 1067 2474 us
1099 2448 1139 2475 et
1170 2442 1396 2475 vulnerati
1422 2443 1656 2475 miseritus

1021 2490 1171 2520 malum
1208 2489 1258 2520 ab
1294 2489 1353 2520 iis
1394 2498 1656 2521 averrunca-

1022 2535 1153 2573 verit‚
1180 2535 1449 2575 impediens,
1471 2545 1519 2566 ne
1544 2534 1656 2566 alter

1016 2580 1268 2614 insanabile
1294 2581 1454 2612 vulnus
1485 2580 1655 2621 accipe-

1016 2630 1096 2668 ret,
1124 2627 1240 2660 alter
1265 2632 1408 2658 autem
1433 2625 1654 2668 enerabi-

1015 2673 1096 2705 lem
1142 2676 1305 2705 sortem
1346 2677 1387 2704 et
1431 2671 1653 2704 calamita-

1015 2724 1094 2750 tem
1123 2719 1398 2760 experiretur
1429 2721 1490 2748 etr.
