1781 2971
295 134 378 175 438
785 132 1169 175 PLATONIS

297 250 349 293 σὺ
390 250 474 303 γαρ
513 247 592 300 τὴν
629 249 881 302 Μαγνήτων
918 249 1069 299 πόλιν,
1101 247 1128 300 ἢ
1166 243 1198 302 ᾧ
1237 246 1295 291 ἂν
1335 247 1443 299 θεὸς
1478 250 1643 292 ἐπώνυ-

299 337 386 373 μον
423 316 565 366 αὐτὴν
602 315 770 376 ποιήσῃ,
805 320 926 366 κλεός
954 316 1052 370 ἀρεῖ
1080 322 1280 370 μέγιστον
1316 318 1646 366 κατασκευάσας

300 385 441 436 αὐτὴν
496 382 671 435 ὀρθῶς,
715 381 739 434 ἢ
786 383 835 425 τό
881 402 925 434 >⁶
972 384 1288 438 ἀνδρειότατος
1337 382 1445 425 εἶναι
1500 388 1645 426 δοκεῖν

305 455 392 495 τῶν
427 449 610 502 ὕστερον
647 455 981 504 &myt‘wopaesvwv
1009 449 1088 493 οὐκ
1123 451 1314 506 ὲκᾳεύξει
1343 455 1458 492 ποτὲ.
1495 449 1572 493 ὲαν
1599 467 1644 503 2⁸

301 521 390 573 μὴν
425 512 555 566 οὗτος
593 515 694 571 ἡμῖν
730 515 752 559 ὁ
790 520 918 567 θεῖος
954 524 1131 570 >suram
1176 517 1403 569 ξύλλογος,
1448 510 1479 558 ὦ
1521 520 1645 573 φίλοι

301 591 485 640 ἑταῖροι,
526 585 803 626 παυαδοτὲον
839 584 980 637 τούτῳ
1017 584 1098 635 τὴν
1134 584 1273 633 πόλιν,
1322 583 1647 642 ααφιςβήτησίς

302 672 345 696 τε
386 653 466 697 οὐκ
502 651 585 693 ἔστ’
627 650 809 705 οὐδεμία
845 651 989 693 οὐδενὶ
1025 653 1112 692 τῶν
1141 652 1222 692 νῦν
1259 650 1378 703 παρὰ
1413 650 1555 693 ταῦθ’
1590 649 1646 700 ὡς

302 726 404 770 ἔπος
441 725 574 762 εἰπεῖν
613 720 887 772 νομοθετῶν,
924 716 1060 768 ὄντως
1098 721 1140 760 δὲ
1179 722 1300 759 ἔσται
1333 717 1488 772 σχεδὸν
1525 717 1646 772 ὕπαρ

301 789 695 837 ἀποτετελεσμένον
731 779 782 827 οὗ
809 787 974 839 σμικρῷ
1011 784 1213 839 πρόσθεν
1250 783 1477 838 ὀνείρατος
1503 783 1560 834 ὣς
1586 787 1646 839 τῷ

303 855 418 907 λόγῳ
454 851 758 909 ὲφηιιναιιεθά,
805 854 997 909 κεφαλῆς
1035 854 1112 894 νοῦ
1153 868 1193 893 τε
1231 856 1460 901 κοινωνίας
1497 852 1644 894 εἰκόνα

306 922 402 963 τινα
455 938 540 968 πως
589 919 891 974 ξυμμίξαντες,

399 1053 435 1084 Ρ.
461 1049 540 1084 969.

307 1098 407 1140 Μαγι
410 1097 508 1139 mah.

593 1047 667 1090 τὴν
701 1047 942 1091 ΒῙαγνήιων
979 1047 1129 1090 πόλιν]

937 917 1014 960 ἐὰν
1050 917 1140 972 ἄρα
1185 916 1286 969 ἡμῖν
1323 922 1369 960 οἴ
1403 935 1445 960 τε
1491 916 1647 972 ἄνδρες

1187 1048 1246 1080 Sic
1281 1048 1360 1080 Par.
1395 1053 1433 1078 Α.
1460 1057 1524 1089 pro
1551 1049 1648 1089 vulg.

398 1143 515 1175 κλέος
550 1135 664 1181 ἀρεῖ]
715 1140 760 1172 V.
796 1136 880 1181 ᾰρῇ,
917 1141 1011 1180 quod
1051 1149 1092 1170 ex
1123 1136 1161 1170 Ω.
1199 1145 1232 1171 et
1264 1150 1314 1180 pr.
1340 1150 1372 1170 3.
1399 1150 1426 1170 e.
1455 1149 1486 1170 o.
1513 1140 1549 1169 in
1575 1134 1652 1178 ἀρεῖ

307 1191 527 1223 mutavimus.
557 1185 626 1217 Pro
649 1186 742 1226 vulg.
768 1184 918 1226 ἐκφευξῃ
949 1186 1081 1217 eFlor.
1109 1196 1140 1217 3.
1166 1196 1193 1216 ο.
1223 1196 1255 1217 0.
1282 1186 1496 1217 restituimus
1522 1183 1644 1223 ἐκφεύ-

308 1238 375 1277 ξει,
401 1235 495 1277 quod
521 1233 622 1264 etiam
651 1232 831 1263 Bekkerus
860 1233 1026 1273 reposuit.

398 1293 432 1312 ε
427 1292 513 1312 ναι
540 1276 710 1318 bouem]
745 1276 842 1318 δόξαι
871 1279 893 1309 f
921 1288 946 1308 r
974 1289 1004 1309 ο.
1031 1282 1064 1308 et
1089 1287 1177 1308 corr.
1207 1278 1249 1309 A
1286 1274 1322 1307 Ω.
1349 1287 1378 1309 a
1415 1277 1649 1319 probantibus

312 1329 512 1360 Turicenss.
544 1326 726 1355 Praeterea
751 1320 988 1364 ἅνὺρειόιερος
1012 1324 1106 1355 Flor.
1134 1334 1162 1353 ο.
1190 1323 1270 1353 Vat.
1300 1323 1322 1355 f.

398 1374 438 1405 B.
487 1369 812 1411 ἀμφιςβήτησίς
846 1382 884 1401 τε
911 1366 989 1401 οὐκ
1017 1364 1103 1400 ἔσί
1131 1369 1189 1409 —l
1230 1379 1260 1399 ιε
1289 1379 1351 1409 pro
1380 1363 1403 1398 ι’
1436 1367 1512 1399 Par.
1548 1370 1582 1398 λ.
1610 1364 1647 1397 Ω.

309 1428 343 1454 et
365 1421 479 1452 Florr.
504 1418 595 1450 Dein
626 1413 707 1447 οὐδὲ
730 1419 787 1455 μιά
823 1422 847 1447 x.
885 1414 922 1447 Ω.

310 1533 467 1565 Astius
502 1530 767 1562 insolentiorem
810 1530 945 1561 notavit

310 1581 518 1617 dictionem,
550 1577 833 1618 quandoquidem
861 1577 944 1607 alibi

310 1628 383 1659 fere
408 1626 482 1664 ipse
497 1621 600 1664 λόγος
616 1623 743 1654 dicitur
763 1622 946 1656 κιι·εῖοθαι;

310 1685 340 1703 v.
368 1669 673 1711 Wyttenbach.
700 1669 744 1699 ad
775 1669 862 1698 plut.
898 1668 944 1698 De

311 1728 376 1751 ser.
406 1727 496 1747 num.
522 1715 614 1746 vind.
641 1725 672 1754 p.
689 1713 743 1747 83.
757 1719 789 1745 et
817 1714 945 1744 Heus-

311 1764 374 1797 dii
414 1762 560 1803 Specim.
601 1759 688 1791 Crit.
720 1761 756 1791 in
790 1760 878 1792 Plat.
912 1770 943 1800 p.

357 1853 402 1886 τὸ
430 1853 575 1893 μέντοι
602 1863 666 1882 κιι
660 1849 750 1882 δύι
745 1861 865 1889 ευμα
884 1853 944 1887 -Ι

310 1901 553 1945 periculum
593 1908 695 1928 vero
734 1907 817 1928 non
855 1907 946 1937 par-

311 1960 399 1980 vum
425 1953 490 1978 est
516 1954 652 1985 neque
674 1944 818 1974 simile
840 1943 945 1974 aliis

312 1993 588 2048 quibusdam.

360 2038 407 2082 ἦ
398 2051 422 2070 ω
441 2050 488 2069 αι
513 2036 621 2068 θεὸς
646 2032 872 2073 ἐπώνυμοι
902 2033 944 2074 j]

314 2089 379 2119 vel
417 2086 665 2123 ”uicunque
710 2081 812 2111 deus
857 2090 946 2111 eam

312 2132 470 2166 fecerit
519 2127 823 2169 cognominem.
881 2125 948 2156 Re-

312 2181 421 2212 fertur
468 2171 493 2206 ω’
540 2172 581 2206 ἂν
626 2174 669 2204 ad
705 2181 946 2213 praegressum

314 2221 518 2266 Μαγιήιων
556 2220 649 2261 quod
685 2229 754 2259 quo
788 2219 862 2248 iure
895 2219 944 2247 A-

315 2273 427 2304 stius
464 2271 498 2300 in
531 2264 618 2298 υθεν
643 2265 769 2296 mutari
795 2263 948 2300 iusserit,

314 2328 386 2350 non
419 2314 660 2354 intelligimus.
717 2309 820 2347 Quod
854 2309 945 2339 enim

315 2365 368 2395 vir
393 2364 515 2394 doctus
540 2360 589 2391 ait.
620 2354 800 2394 ἐπώνυμον
832 2355 946 2396 requi-

313 2421 389 2441 rere.
414 2407 616 2446 unitivum,
641 2404 676 2435 id
701 2414 721 2434 a
747 2412 782 2433 re
807 2408 840 2433 et
858 2401 946 2431 veri-

313 2462 383 2487 tate
409 2455 624 2494 aliquantum
647 2449 822 2481 abhorret.
857 2446 947 2478 Nam

314 2498 494 2538 ἐπώνιμιὶς
525 2509 585 2528 τινι
625 2502 658 2527 et
698 2502 790 2525 tuos·
819 2493 947 2534 promi-

314 2559 394 2579 scu(
424 2545 596 2585 usurpari,
621 2541 821 2573 certissimis
835 2549 949 2570 exem-

314 2595 382 2635 plis
407 2593 548 2623 demon
543 2590 655 2620 travit
681 2587 730 2618 Sc
741 2585 948 2618 haeserus

318 2640 362 2672 ad
390 2638 549 2678 ΑροΗοιι
576 2634 690 2665 Rhod.
718 2633 770 2664 ed.
795 2631 948 2663 Brunck.

320 2685 394 2715 Vol.
412 2685 450 2716 ΙΙ
465 2693 495 2723 p.
512 2682 585 2714 168
615 2680 771 2720 Etplune
784 2679 833 2709 sic
852 2687 948 2708 usur-

320 2737 419 2773 patur
444 2730 546 2761 etiam
579 2723 773 2765 ὁμώνυμος,
805 2725 847 2755 (le
881 2734 950 2764 quo

1013 1528 1152 1568 scripsit
1189 1528 1366 1558 Iensius
1414 1525 1458 1556 ad
1502 1524 1648 1555 Lucian.

1013 1574 1054 1607 T.
1090 1574 1111 1606 Ι.
1145 1581 1191 1614 [Μ
1208 1572 1286 1606 851.
1321 1573 1373 1604 ed.
1405 1571 1517 1602 Reitz.
1556 1569 1649 1600 Dein

1013 1619 1263 1659 Stephanus
1300 1619 1386 1649 male
1417 1617 1582 1648 haerebat
1613 1617 1649 1646 in

1013 1660 1136 1706 azizr'v.
1170 1665 1262 1706 quod
1289 1674 1358 1694 non
1385 1673 1465 1694 raro
1497 1663 1544 1692 ita
1570 1670 1651 1702 post

1013 1712 1205 1742 subiectum
1242 1710 1362 1741 inferri
1403 1710 1446 1740 ad
1488 1708 1648 1748 S)mpos.

1013 1767 1044 1797 p
1076 1757 1152 1790 195.
1185 1759 1228 1788 A.
1261 1757 1336 1787 Lerr
1315 1765 1371 1796 g.g
1398 1755 1426 1786 I.
1454 1756 1501 1785 in.
1535 1760 1650 1785 osten-

1015 1803 1139 1835 dimus.

1062 1846 1083 1889 ηΙ
1115 1846 1157 1879 τό
1186 1858 1226 1889 γε
1261 1842 1565 1887 ἀνδρειότατος
1592 1845 1650 1886 -]

1015 1901 1086 1926 aut
1126 1900 1246 1925 certe
1278 1903 1493 1934 nunquam
1527 1892 1651 1923 desti-

1015 1941 1156 1971 tueris
1183 1950 1228 1971 ea
1254 1940 1467 1970 hominum
1504 1938 1653 1969 existi-

1015 1988 1232 2023 matione,
1266 1994 1309 2016 ut
1343 1985 1537 2016 videaris
1569 1994 1649 2015 om-

1015 2034 1132 2064 nium
1159 2042 1253 2063 esse
1278 2031 1574 2063 fortissimus.
1603 2032 1650 2060 A·

1016 2081 1134 2110 stius
1181 2078 1330 2109 maxima
1374 2076 1652 2126 interpunctione

1015 2125 1106 2156 facta
1140 2124 1354 2165 pergendum
1393 2122 1538 2163 putabat
1581 2121 1649 2151 sic.

1018 2165 1037 2211 ἦ
1069 2168 1106 2201 τό
1138 2180 1175 2210 γε
1206 2181 1234 2200 κ.
1271 2180 1295 2199 τ.
1328 2169 1355 2198 λ..
1388 2168 1480 2209 quod
1511 2167 1651 2208 probari

1017 2217 1112 2247 nullo
1138 2221 1239 2256 pacto
1266 2222 1363 2255 potes
1350 2221 1392 2248 s,t

1062 2262 1102 2315 B..
1151 2257 1475 2300 ἀμφιςβίτησίς
1512 2254 1541 2288 1'
1576 2267 1651 2288 ουκ

1016 2303 1102 2338 ἔστ’
1129 2303 1324 2347 οὐδεμία]
1353 2316 1427 2337 nec
1452 2304 1532 2335 ulli
1558 2303 1651 2335 fere

1015 2363 1178 2391 eorum,
1208 2353 1278 2393 qui
1306 2363 1414 2384 nunc
1440 2355 1566 2389 sunt,
1596 2349 1650 2380 le-

1015 2400 1305 2440 gumlator-um
1337 2399 1386 2429 de
1418 2398 1488 2428 his
1520 2396 1649 2426 rebus

1015 2451 1222 2485 superest
1248 2444 1489 2475 dubitatio.
1512 2441 1649 2472 Cohae-

1015 2497 1093 2522 rent
1117 2491 1241 2523 verba:
1275 2487 1391 2522 ούδενὶ
1421 2485 1468 2520 ως
1496 2488 1579 2518 ἔπος
1603 2485 1648 2517 εί-

1017 2541 1104 2570 πεῖικ
1131 2538 1244 2568 nulli
1271 2534 1588 2587 propemodum.

1061 2579 1108 2614 σι’
1135 2594 1295 2625 σιιικρῳ
1320 2575 1646 2623 πρόσθενόιει-

1019 2639 1147 2668 patos
1177 2627 1254 2669 ὡς]
1310 2626 1534 2668 Comparatio
1569 2634 1649 2655 vere

1020 2676 1201 2708 Platonica
1226 2682 1258 2706 et
1275 2675 1432 2716 plurimis
1450 2673 1534 2704 locis
1547 2680 1642 2701 usur-

1019 2729 1118 2764 pata;
1153 2727 1189 2752 ut
1220 2721 1376 2763 profecto
1408 2729 1478 2750 non
1508 2724 1648 2757 expute-
