1781 2971
178 136 264 179 DE
296 135 574 181 LEGIBUS
609 137 726 194 [AB.
757 137 865 180 XII.
902 139 948 181 P.
983 140 1078 182 950.
1112 143 1207 184 951.
1241 138 1306 183 St.
1369 141 1450 182 375

91 248 172 298 ὦδε
210 247 293 298 οὖν
323 253 408 310 χρὴ
445 262 586 298 ποιεῖν
622 258 718 309 περὶ
755 253 1011 310 ἀποδημίας
1038 262 1098 308 εὶς
1132 254 1274 308 ἄλλας
1305 256 1452 314 χώρας

91 323 165 364 καὶ
202 321 369 372 τόπους
403 323 476 365 καὶ
510 323 608 377 περὶ
642 319 868 377 ὑποδοχῆς
913 322 1059 374 ξένων.
1133 326 1327 380 Πρῶτον
1369 327 1450 379 μὲν

93 393 285 444 νεωτέρῳ
329 390 439 431 ἐτῶν
487 388 821 442 τετταράκοντα
857 388 916 444 μὴ
962 391 1112 442 ἐξέστω
1157 391 1451 447 ἀποδημῆσαι

90 457 270 516 μηδαμῇ
307 456 533 510 μηδαμῶς,
572 459 631 498 ἔτι
656 473 699 498 τε
724 459 815 511 ἰδίᾳ
850 460 1015 510 μηδενί,
1053 461 1245 514 δημοσίᾳ
1273 458 1310 501 δ’
1340 461 1449 500 ἔστω

91 522 270 577 κήρυξιν
315 520 342 574 ἢ
389 524 638 577 πρεσβείαις
684 520 708 574 ἢ
755 529 829 566 καί
883 540 970 567 τισι
1016 528 1231 581 θεωροῖς·
1279 523 1360 574 τὰς
1405 528 1450 568 δὲ

91 588 204 632 κατὰ
242 587 438 643 πόλεμον
473 592 546 632 καὶ
581 593 813 643 στρατείας
849 590 1104 646 ἀποδημίας
1140 591 1221 634 οὐκ
1247 597 1292 634 ὲν
1329 595 1448 644 ἐκδη-
1505 599 1517 611 “

90 659 211 710 μίαις
254 658 501 706 πολιτικαῖς
539 654 668 708 ἄξιον
702 656 932 713 ἀγορεύειν
969 656 1027 708 ὠς
1074 658 1246 702 τούτων
1290 655 1450 708 οὔσας·

91 722 295 766 Πυθώδε
333 726 392 778 τῷ
427 722 673 766 Ἀπόλλωνι
707 727 779 766 καὶ
817 729 876 774 είς
910 724 1149 779 Ὀλυμπίαν
1184 727 1245 779 τῷ
1286 728 1353 768 Διὶ
1378 730 1451 768 και

91 795 151 840 εὶς
187 792 364 844 Νεμέαν
395 792 469 832 καὶ
505 794 564 839 εἰς
594 789 784 844 Ἰσθμὸν
823 789 908 846 χρὴ
956 796 1140 846 πέμπειν
1183 794 1451 834 κοινωνοῦν-

90 874 172 907 τας
208 859 387 899 θυσιῶν
425 873 468 899 τε
498 858 572 900 καὶ
608 855 793 909 ἀγώνων
832 857 1010 909 τούτοις
1043 868 1136 909 τοῖς
1165 862 1310 913 θεοῖς,
1347 865 1451 913 πέμ-

91 941 189 968 πειν
225 926 270 967 δὲ
307 928 366 974 εἰς
412 923 602 978 δύναμιν
637 923 660 966 ὅ
702 942 742 967 τι
779 927 1008 976 πλείστους
1053 925 1148 981 ἅμα
1185 928 1258 969 καὶ
1304 929 1451 969 καλλί-

90 1005 224 1041 στους
260 1007 304 1034 τε
341 993 412 1034 καὶ
449 990 679 1046 ἀρίστους,
727 996 888 1041 οἵτινες
933 992 1168 1048 εὐδόκιμον
1205 991 1287 1046 τὴν
1323 993 1453 1036 πόλιν

90 1063 136 1101 ἐν
169 1062 306 1114 ἱεραῖς
342 1075 386 1100 τε
423 1061 495 1101 καὶ
531 1062 770 1113 εἰρηνικαῖς
813 1065 1071 1111 συνουσίαις
1109 1060 1343 1112 ποιήσουσι
1378 1063 1452 1103 δο-

91 1133 202 1176 κεῖν,
250 1132 346 1176 τοῖς
379 1128 474 1179 περὶ
513 1122 592 1167 τὸν
621 1126 814 1182 πόλεμον
861 1128 1169 1185 ἀντίστροφον
1205 1126 1446 1170 αποδιδόν-
1481 1133 1562 1173 951

91 1209 158 1242 τες
194 1192 324 1245 ’δόξης
359 1191 665 1248 παρασκευήν,
703 1193 919 1244 ἐλθόντες
955 1197 999 1238 δὲ
1037 1196 1185 1238 οἴκαδε
1227 1193 1452 1245 διδάξουσι

93 1358 364 1399 παρακέλευσμα.
390 1358 484 1392 Dein
512 1357 601 1400 πρὸς
627 1360 692 1390 τῶν
720 1359 852 1391 πολλιῦι
880 1366 974 1391 reete
1002 1361 1046 1391 A.
1080 1358 1116 1391 52.
1146 1371 1164 1390 ν
1203 1360 1226 1391 f
1255 1371 1286 1393 a.
1313 1372 1340 1392 c.
1369 1359 1397 1392 δ.
1421 1371 1448 1391 ο.

94 1406 210 1447 Vulgo
241 1402 307 1445 πρὸ
335 1417 360 1436 τ.
389 1416 423 1436 π.

166 1431 227 1489 o'D
277 1447 367 1489 μετ’
395 1448 557 1491 ὀλίγων
598 1447 743 1492 itm]
785 1450 844 1482 Sic
872 1452 915 1483 A.
948 1448 984 1481 52.
1013 1462 1044 1482 v
1070 1451 1094 1481 f.
1119 1451 1321 1492 Legebatur
1347 1445 1449 1483 elim.

92 1493 158 1536 μέτ’
187 1493 315 1538 ὀλίγοι.

183 1541 340 1583 ἐξέστω
374 1538 676 1583 ἀποδημῆσαι]
712 1542 754 1573 V.
782 1538 989 1583 ἀποδημεῖν,
1018 1542 1141 1573 invitis
1168 1543 1214 1573 A.
1237 1540 1283 1574 Ω.
1310 1554 1341 1574 v.
1370 1543 1394 1574 f.
1421 1553 1447 1574 r.

91 1599 123 1621 a.
150 1586 180 1619 δ.
209 1599 238 1620 ο.

183 1635 224 1666 Ε.
277 1635 332 1676 τῳ·
357 1632 455 1674 Διΐ]
485 1633 529 1675 τῷ
554 1633 713 1664 additum
739 1643 781 1664 ex
808 1635 851 1665 A.
884 1630 921 1664 52.
951 1644 981 1665 v.
1009 1633 1033 1665 f.
1055 1643 1081 1664 r.
1109 1643 1139 1665 a.
1166 1632 1194 1664 δ.
1215 1644 1244 1664 ο.
1262 1643 1297 1667 x.
1324 1633 1449 1666 Paullo

91 1686 173 1713 ante
200 1679 345 1712 πυθώδε
370 1681 413 1711 Α.
446 1677 484 1714 Ω,
513 1684 603 1711 teste
628 1679 764 1712 Bastio.

93 1819 259 1847 concreta
283 1815 449 1856 positum.
498 1813 569 1846 Sed
594 1823 737 1854 prorsus

93 1863 217 1893 eodem
243 1862 348 1892 modo
375 1861 466 1891 Thu
479 1861 568 1901 cyd.
594 1860 640 1891 11.
672 1860 737 1893 12:

93 1902 137 1949 ἦν
174 1906 381 1946 Περικλέους
415 1904 531 1947 γνώμη
568 1903 738 1946 πρότερον

93 1963 253 1994 teztnrnt
257 1963 300 1990 ια
328 1950 459 1993 κήρυκα
482 1953 534 1982 καὶ
554 1951 739 1991 πρεςβείαν

93 1999 139 2041 μὴ
174 1997 437 2039 προςδέχεσθαι.
489 1998 528 2029 Id
564 1997 737 2031 lV.118·

71 2054 76 2057 “
94 2045 238 2088 κήρυκι
263 2043 300 2075 δὲ
326 2044 379 2075 καὶ
399 2044 562 2085 πρεςβείᾳ
586 2043 639 2074 καὶ
657 2040 738 2075 α’κο-

94 2090 305 2128 λούθοις,
331 2087 479 2122 ὁπόσοις
506 2087 548 2122 ἂι
573 2087 677 2128 δοκΐ,
710 2101 740 2120 κ.

94 2150 122 2171 τ.
146 2138 173 2170 λ.
202 2137 491 2169 Demosthen.
519 2136 575 2167 De
597 2136 674 2167 fals.
691 2136 738 2167 le-

94 2189 166 2226 gat.
198 2182 340 2224 p.399,
368 2182 428 2216 14:
460 2179 543 2213 ὅταν
568 2176 590 2222 ᾖ
615 2179 737 2224 κήρυξι

95 2232 150 2262 καὶ
190 2229 388 2271 πρεσβείαις
419 2229 737 2270 προγεγραμμένοι.

96 2277 146 2309 ld.
173 2277 210 2307 in
236 2275 390 2306 Timocr.
416 2286 449 2316 p.
466 2275 555 2309 746:
581 2273 741 2313 μετὰτῶν

96 2320 195 2353 ἐννέα
215 2317 320 2361 ἀρχόι
325 2332 390 2352 ιωυ
410 2332 586 2360 ,ιυαμευοι
590 2332 640 2352 ται
662 2319 740 2352 ταύ·

97 2379 134 2409 τῃ
161 2368 199 2406 τῇ
228 2363 350 2409 ἡμέρᾳ,
389 2371 443 2398 καὶ
470 2366 664 2408 κήρυκος
689 2367 742 2398 καὶ

96 2413 316 2455 πρεςβειάε
364 2413 417 2444 καὶ
458 2422 477 2444 σ
493 2424 514 2444 υ
532 2424 550 2443 ν
569 2412 584 2443 ε’
601 2414 618 2444 δ
636 2425 654 2455 ρ
670 2424 696 2444 ω
713 2424 743 2446 ν.

98 2470 200 2503 quem
230 2459 346 2491 locum
365 2459 591 2500 Taylorus
615 2460 746 2491 iniuria

98 2506 316 2539 sollicitavit.
383 2505 494 2536 Plat.
537 2505 584 2536 X.
633 2505 749 2546 Legg.

97 2563 131 2595 p
156 2552 235 2586 905.
258 2551 296 2583 C
326 2550 483 2605 Kist‘etucts
500 2548 558 2582 ὅδε
583 2551 636 2581 καὶ
663 2549 744 2591 ξύμ-

103 2608 195 2630 πασα
230 2594 324 2638 ἡμῶν
356 2595 416 2638 ἥδε
450 2593 469 2638 ἡ
501 2607 677 2638 γερουσια.
704 2616 744 2619 -

104 2641 157 2676 ὥς
183 2642 350 2675 τούτων
376 2640 425 2675 οὔ
437 2651 522 2678 σας,
537 2644 677 2684 quasi,
702 2644 745 2675 in

103 2691 258 2722 harum
308 2699 488 2722 numero
537 2691 625 2721 sint
679 2689 745 2721 ha-

104 2735 284 2768 bendae.

852 1814 893 1845 E.
946 1811 1138 1845 Πυθώδε
1166 1813 1216 1856 τῷ
1242 1810 1447 1845 Ἀπολλω-

807 1870 844 1890 νι
873 1860 932 1901 —]
960 1860 1071 1899 Vere,
1098 1860 1242 1900 opinor,
1269 1859 1448 1901 Stepha-

806 1916 882 1936 nus
918 1904 1073 1936 Πυθώδε
1111 1904 1146 1936 δὲ
1178 1916 1203 1937 ι.
1227 1901 1297 1937 'Am
1332 1907 1449 1946 legen-

808 1952 890 1982 dum
926 1953 1088 1983 coniecit.
1149 1951 1205 1981 De
1240 1952 1364 1993 legatis
1405 1953 1450 1984 ad

808 1996 948 2038 Pythia,
977 1996 1150 2038 Olympia,
1176 1997 1316 2039 aliaque
1334 1998 1371 2029 id
1389 2007 1451 2039 ge-

808 2054 873 2075 nus
885 2053 984 2074 sacra
994 2043 1140 2075 Graecis
1158 2044 1357 2075 eommunia
1369 2045 1449 2075 mis-

808 2091 856 2121 sis
871 2101 902 2120 v.
921 2090 1114 2121 Io.Henr.
1133 2089 1314 2121 Krausii
1333 2089 1450 2130 Olym-

807 2137 866 2177 pia
885 2135 960 2177 (od.
979 2136 1203 2175 Darstellung
1226 2136 1287 2167 der
1304 2146 1451 2176 grossen

810 2180 1062 2224 Olympisehen
1091 2181 1228 2224 Spiele)
1255 2192 1288 2223 p.
1302 2181 1347 2215 80
1371 2192 1450 2223 sqq.

855 2272 895 2303 P.
922 2271 1002 2306 951.
1042 2276 1131 2303 τοῖς
1156 2272 1253 2313 περὶ
1280 2270 1355 2303 τὸν
1381 2270 1450 2304 πό-

811 2319 943 2357 λεμον
973 2317 1027 2359 -]
1062 2319 1329 2350 exhibentes
1361 2319 1448 2359 glo-

811 2365 904 2396 riae
938 2365 1149 2405 speciem,
1188 2374 1297 2406 quae
1328 2365 1450 2396 laudi

815 2420 956 2442 rerum
981 2410 1243 2441 bellicarum
1275 2420 1450 2451 respon-

815 2457 919 2488 deat
944 2461 985 2487 et
1011 2456 1258 2488 conveniat.
1297 2457 1453 2488 Vocatur

814 2503 906 2534 enim
931 2501 1176 2542 ἀντίστροφον,
1202 2503 1373 2544 quidquid
1390 2504 1454 2534 ali-

815 2550 869 2580 cui
895 2550 944 2579 rei
978 2558 1019 2579 ex
1046 2549 1157 2580 altera
1185 2554 1285 2589 parte
1307 2559 1453 2590 respon-

815 2595 891 2636 det3
918 2595 961 2626 de
987 2604 1055 2635 quo
1084 2605 1150 2626 usu
1176 2595 1338 2627 vocabuli
1356 2605 1387 2626 v.
1409 2596 1453 2626 ad

816 2640 950 2672 Phileb.
990 2650 1024 2681 p.
1059 2640 1116 2674 40.
1158 2640 1203 2672 D.
1243 2640 1301 2675 51.
1336 2641 1376 2673 E.
1407 2659 1451 2665 —

816 2684 879 2717 ὅτι
921 2684 1119 2727 δεύτερα,
1161 2687 1194 2718 h.
1235 2697 1264 2719 e.
1299 2687 1452 2719 secunda

814 2738 847 2764 et
875 2732 1062 2764 det-eriora.
