1781 2971
575 164 747 206 LIBRI
780 162 952 205 NONI.
1416 162 1440 200 9

92 280 274 332 eiusque
306 278 458 332 poenis
490 286 533 319 et
561 276 900 331 expiationibus,
936 274 1076 328 deque
1106 272 1206 315 talis
1236 272 1443 314 facinoris

88 350 165 392 per
205 340 416 390 cognatos
458 333 667 376 sumenda
709 332 927 382 vindicta3
969 330 1023 373 de
1066 329 1200 372 caede
1240 344 1317 385 per
1357 329 1439 370 ira-

89 391 291 434 cundiam
333 396 606 446 perpetrata,
649 404 760 444 quae
801 389 943 431 media
981 388 1069 430 fere
1099 386 1317 429 iudicatur
1346 400 1441 428 esse

88 449 203 490 inter
233 447 520 489 voluntariam
552 453 595 488 et
636 446 815 488 fortuito
846 447 1028 498 factam,
1073 442 1441 499 quandoquidem,

90 505 163 560 qui
208 504 389 545 alterum
427 503 616 546 trucidet
645 502 870 545 iracundia
900 502 1111 557 agitatus,
1156 501 1193 541 is
1236 499 1444 554 quodam-

90 561 220 603 modo
261 561 507 602 inconsulte
554 568 684 617 agat,
729 560 803 614 qui
844 565 987 599 autem
1026 558 1131 597 iram
1171 556 1374 598 cohibeat
1404 563 1447 597 et

89 633 168 674 per
203 617 466 658 simultatem
497 617 620 658 alteri
651 621 793 657 struat
821 614 1018 667 insidias,
1050 614 1087 654 is
1119 628 1217 654 eum
1247 614 1447 655 consulto

90 674 302 716 occidisse
334 673 553 722 videatur3
584 687 714 728 porro
745 671 872 712 etiam
894 670 947 712 de
978 668 1113 712 caede
1146 668 1200 711 ad
1230 669 1317 711 vim
1346 685 1447 724 pro-

90 729 349 786 pulsandam
397 728 629 770 commissa
677 729 749 782 (p.
801 729 883 769 864
922 727 974 768 Ε.
1012 752 1060 756 -
1093 727 1187 768 869.
1229 725 1331 779 E.)
1395 750 1447 755 —

92 786 264 839 Quibus
310 785 510 827 omnibus
552 784 605 827 de
645 785 847 827 violentis
899 783 1088 839 quidem,
1131 782 1209 824 sed
1254 797 1342 824 non
1373 797 1449 824 vo-

90 843 287 884 luntariis
318 848 362 883 et
383 857 459 897 per
490 841 597 883 iram
628 842 772 894 factis,
805 841 1013 883 caedibus
1044 840 1289 895 explicatis,
1324 854 1447 882 acce—

92 899 210 941 ditur
249 898 304 940 ad
343 897 661 940 consideranda
692 899 886 940 facinora
917 897 1164 940 voluntaria
1196 903 1237 938 et
1268 897 1447 938 omnino

91 971 170 1011 per
199 955 401 996 iniuriam
433 962 476 997 et
507 955 708 997 consulto
738 955 980 997 commissa.
1043 953 1239 1007 Quorum
1273 968 1450 995 caussas

92 1013 166 1054 ubi
208 1011 553 1054 demonstratum
591 1018 660 1053 est
697 1012 767 1053 vel
815 1013 859 1053 in
898 1011 1104 1064 avaritia,
1146 1010 1215 1051 vel
1255 1010 1299 1051 in
1340 1010 1452 1051 mala

93 1069 342 1121 ambitione,
384 1069 452 1110 vel
491 1069 537 1109 in
577 1076 695 1110 metu
740 1084 793 1110 ex
823 1068 1150 1110 malefactorum
1182 1067 1452 1109 conscientia

93 1137 195 1166 nato
234 1126 403 1180 positas
447 1140 564 1176 esse3
602 1125 794 1167 indidem
834 1132 1036 1167 monetur
1066 1124 1325 1179 repetendas
1358 1139 1453 1166 esse

94 1183 223 1223 etiam
286 1181 607 1225 admonitiones
656 1189 788 1237 atque
845 1181 1196 1234 cohortationes,
1248 1196 1359 1236 quae
1399 1179 1455 1222 ad

94 1237 327 1280 arcendam
373 1239 550 1281 sceleris
590 1239 850 1281 atrocissimi
898 1238 1217 1294 turpitudinem
1262 1237 1451 1291 valeant,

98 1303 143 1337 et
172 1310 275 1336 vero
306 1295 436 1336 etiam
476 1295 664 1338 derivari
706 1311 836 1352 posse
878 1296 1051 1339 easdem
1093 1311 1144 1336 ex
1186 1309 1344 1337 arcana
1379 1294 1453 1336 illa

96 1358 141 1393 et
170 1351 397 1393 recondita
428 1353 689 1408 sapient-ium
722 1353 935 1407 doctrina,
969 1368 1056 1408 qua
1086 1352 1318 1405 doceatur,
1350 1351 1454 1392 talia

98 1409 264 1451 scelera
294 1409 423 1449 etiam
454 1409 571 1464 apud
600 1411 763 1453 interos
795 1411 955 1466 puniri,
987 1411 1232 1463 iterumque
1256 1423 1455 1451 reversos

96 1465 337 1507 homicidas
377 1466 423 1506 in
464 1465 576 1507 hanc
607 1468 740 1508 vitam
771 1468 882 1509 hanc
912 1482 1085 1509 manere
1120 1466 1378 1518 vindictam,
1404 1471 1454 1506 ut

98 1537 207 1575 quae
249 1522 434 1562 fecerint
473 1523 591 1575 aliis,
635 1538 685 1565 ea
727 1524 834 1579 ipsis
876 1539 1049 1578 quoque
1080 1523 1269 1577 denique
1300 1537 1453 1579 perpe-

96 1577 244 1619 tienda
282 1579 369 1619 sint
409 1579 480 1632 (p.
523 1581 618 1621 869.
651 1581 703 1622 E.
735 1595 792 1611 ὲ-
823 1582 918 1622 870.
951 1582 1047 1634 E.)
1081 1605 1134 1609 —
1207 1581 1315 1621 Post
1346 1579 1455 1620 haec

97 1650 200 1676 vero
243 1633 491 1690 disputatur
530 1635 582 1676 de
624 1636 758 1678 caede
804 1637 1088 1679 clandestinis
1129 1636 1323 1678 consiliis
1354 1651 1453 1690 per·
1500 1644 1517 1665 'x

96 1697 270 1748 petrata
309 1691 449 1745 deque
489 1692 706 1735 occisione
747 1700 1030 1750 cognatorum
1079 1693 1258 1748 eiusque
1308 1691 1454 1748 prohi-

98 1747 266 1790 bendae
295 1748 536 1791 rationibus
567 1765 617 1791 ac
635 1751 805 1805 poenis.
867 1750 968 1804 Qua
1000 1750 1298 1805 disputatione
1329 1750 1454 1791 abso-

97 1805 190 1846 luta
228 1805 374 1860 agitur
413 1805 466 1846 de
506 1807 668 1848 scelere
712 1823 885 1860 eorum,
930 1808 1004 1863 qui
1045 1814 1225 1848 mortem
1260 1806 1343 1848 sibi
1372 1806 1456 1861 ipsi

97 1868 275 1918 propter
304 1862 520 1918 ignaviam
553 1879 603 1905 ac
634 1863 982 1920 desperationem
1006 1864 1136 1905 animi
1165 1864 1455 1915 consciscant,

101 1918 241 1972 deque
281 1926 419 1960 morte
458 1935 534 1974 per
573 1921 712 1962 aliena
761 1922 956 1963 iumenta
996 1927 1071 1962 aut
1117 1936 1186 1962 res
1238 1920 1455 1961 inanimas

102 1976 366 2026 accelerata3
408 1977 566 2030 quibus
610 1977 829 2019 adduntur
869 1978 1075 2020 nonnulla
1114 1977 1166 2018 de
1199 1977 1356 2019 occisis
1387 1976 1456 2029 iis,

103 2046 287 2085 quorum
327 2032 478 2073 mortis
518 2048 700 2075 caussae
739 2035 784 2076 in
825 2035 996 2077 occulto
1041 2034 1208 2075 lateant
1247 2035 1316 2089 (p.
1360 2034 1454 2075 871.

101 2089 156 2130 A.
189 2113 242 2118 ——
273 2089 368 2129 874.
390 2087 477 2143 C.).
509 2115 562 2119 —
621 2092 769 2145 Atque
802 2092 911 2134 haec
942 2091 1116 2146 quidem
1150 2090 1202 2131 de
1235 2089 1456 2132 caedibus.

103 2143 342 2186 Acceditur
374 2144 562 2200 denique
595 2146 651 2188 ad
682 2164 753 2201 ea,
787 2164 897 2204 quae
927 2164 1023 2190 cum
1054 2148 1107 2189 iis
1139 2153 1326 2202 cognata
1357 2152 1458 2188 sunt

103 2201 292 2243 crimina.
362 2203 429 2244 Ac
466 2202 652 2257 primum
694 2205 867 2259 quidem
912 2204 1146 2261 exponitur
1186 2204 1238 2245 de
1269 2204 1322 2245 iis
1355 2217 1456 2244 con—

104 2257 355 2309 ditionibus,
387 2258 432 2299 in
462 2260 620 2313 quibus
664 2261 732 2303 ius
772 2263 923 2317 fasque
964 2262 1110 2316 putari
1153 2260 1309 2302 debeat
1351 2260 1457 2300 alte-

104 2329 197 2355 rum
229 2314 455 2368 occidere,
489 2331 574 2370 quo
606 2317 704 2359 loco
734 2320 867 2373 fures,
900 2319 1087 2360 adulteri
1119 2324 1162 2359 et
1189 2318 1379 2358 latrones
1413 2331 1462 2356 ea-

106 2369 299 2411 vindicta
346 2370 467 2427 digni
526 2373 776 2417 iudicantur
827 2382 894 2430 (p.
937 2377 1034 2417 874.
1076 2374 1133 2415 D.
1176 2400 1227 2404 —
1270 2374 1364 2428 E.).
1408 2397 1456 2402 -—

110 2426 280 2490 Dein-de
319 2443 421 2470 vero
454 2428 704 2484 disputatur
736 2433 790 2475 de
830 2433 1034 2475 violentis
1065 2431 1350 2483 facinoribus,
1384 2429 1461 2470 im-

106 2498 256 2579 primls
297 2483 350 2524 de
389 2485 763 2531 vulnerationibus
803 2504 854 2531 ac
899 2487 1196 2545 petulantibus
1238 2493 1461 2529 contume-

122 2555 190 2592 us,
236 2555 415 2594 quarum
452 2543 571 2584 varia
610 2559 772 2600 genera
810 2552 1091 2588 recensentur
1123 2546 1204 2590 ita,
1244 2551 1294 2585 ut
1337 2543 1462 2585 simul

107 2595 331 2648 doceatur,
366 2600 580 2651 quomodo
603 2601 669 2643 vel
692 2603 988 2659 prohibendae
1011 2602 1077 2643 vel
1098 2600 1342 2656 puniendae
1363 2600 1461 2642 sint-

612 2729 985 2749 *We
