1781 2971
289 145 371 186 356

787 138 1166 181 PLATONIS
1225 139 1230 142 ”

289 257 430 309 τινός,
484 255 561 307 οὓς
602 256 762 307 τόνους
805 274 850 300 τε
898 259 968 298 καὶ
1016 254 1288 311 ὑποζώματα
1345 258 1415 298 καὶ
1472 252 1639 310 νεύρων

289 325 541 375 ἐπιτόνους,
587 328 693 380 μίαν
738 317 878 367 οὖσαν
913 324 1048 379 φύσιν
1084 325 1427 377 διεσπαρμένην,
1474 325 1639 364 πολλα-

287 395 371 448 χοῦ
416 394 596 441 πολλοῖς
644 389 831 445 ὀνόμασι
879 391 1284 444 προςαγορεύομεν·

1331 388 1388 439 εἷς
1424 391 1469 430 δὲ
1506 388 1640 436 ουτος

294 458 347 504 οὐ
385 457 682 512 σμικρότατος
717 454 869 512 καιρὸς
918 458 994 499 τοῦ
1041 457 1266 508 σώζεσθαί
1305 472 1346 499 τε
1382 461 1455 498 καὶ
1492 457 1640 497 διαλυ-

208 526 251 566 D
294 528 456 568 θεῖσαν
492 525 697 579 οἴχεσθαι
736 526 974 566 πολιτείαν.
1019 521 1078 565 ἂν
1111 526 1190 576 μὲν
1223 521 1309 577 γὰρ
1346 526 1386 565 οἱ
1423 519 1526 571 τοὺς
1560 519 1641 573 ἅρ-

289 608 454 648 χοντας
490 590 802 643 ἐξευθύνοντες
820 592 1016 644 βελτίους
1051 582 1155 632 ὦσιν
1192 593 1377 639 ἐκείνων,
1412 591 1484 630 καὶ
1523 585 1634 630 τοῦτ’

293 664 337 701 ὲν
386 660 479 717 δίκῃ
525 657 738 712 ἀμέμπτῳ
782 674 824 700 τε
873 659 945 698 καὶ
991 655 1252 710 ἀμέμπτως,
1296 655 1320 708 ἡ
1369 657 1489 697 πᾶσα
1527 651 1642 696 οὕτω

294 725 458 767 θάλλει
507 742 550 768 τε
594 728 665 767 καὶ
713 724 966 778 εὐδαιμονεῖ
1009 724 1133 777 χώρα
1179 725 1252 765 καὶ
1292 722 1437 772 πόλις·

1479 719 1559 764 ἐὰν
1596 719 1636 762 δ’

292 788 435 842 ἄλλως
471 789 525 833 τὰ
565 794 663 846 περὶ
693 789 773 841 τὰς
811 789 1012 839 εὐθύνας
1049 792 1136 831 τῶν
1165 788 1395 845 ἀρχόντων
1430 791 1644 842 γίγνηται,

389 918 466 957 οιῖς
498 919 654 956 τόνους
687 921 754 962 τε]
792 921 969 952 Bekkerus
1004 923 1038 952 et
1071 918 1306 951 Sclineiderus
1336 916 1497 952 ἐντόνους
1526 926 1567 948 ex
1605 918 1643 947 Α.

302 964 339 997 Ω.
375 967 412 998 Ξ.
447 975 478 999 v.
516 965 536 996 f.
564 975 589 996 r.
617 976 646 997 a.
674 977 702 997 c.
731 968 761 999 ὁ.
791 978 820 997 ο.

296 1012 397 1044 Bass.
424 1011 455 1044 1.
481 1011 514 1044 2.
549 1010 720 1046 ἐντόνους.

297 1058 384 1099 Step
388 1055 418 1087 h.
443 1055 588 1096 τόνοις,
616 1057 659 1088 de
685 1067 752 1097 quo
779 1068 808 1088 v.
837 1057 1012 1098 explieatt.

754 1011 956 1043 Winckelm.
992 1011 1079 1042 coni.
1107 1007 1171 1045 οὓς
1195 1011 1227 1042 ἓν
1252 1008 1389 1045 τόνους

881 966 990 997 Etiam
1029 964 1112 995 Ald.
1147 965 1179 995 ἐν
1210 964 1350 1003 τόνους,
1389 963 1516 1000 divise,
1552 962 1644 993 unde

1447 1008 1519 1039 Sed
1550 1011 1646 1039 recte

1064 1059 1175 1096 Atque
1204 1056 1327 1087 Bastio
1365 1058 1456 1087 teste
1482 1054 1512 1085 in
1539 1054 1584 1085 A.
1612 1056 1647 1085 et

303 1101 340 1134 Ω.
367 1103 499 1146 syllaba
523 1102 557 1132 ἐν
583 1102 674 1134 linea
699 1107 893 1135 ῑῐειηειεῐεε
922 1109 1079 1143 tanquam
1108 1101 1195 1133 falso
1222 1102 1349 1142 scripta
1375 1104 1526 1132 notatur.

389 1149 429 1179 ἐν
462 1147 558 1190 δίκῃ
589 1148 798 1189 α’μέμπτω
825 1148 890 1189 -]
932 1148 1043 1188 Marg.
1076 1144 1112 1177 Ω.
1148 1146 1351 1190 ἀμέμπτως
1374 1149 1414 1187 ᾖ,
1449 1143 1466 1186 ἡ
1494 1148 1591 1176 πᾶσα
1615 1156 1644 1176 κ.

298 1207 327 1225 τ.
355 1192 385 1225 λ.
415 1192 507 1234 quod
535 1192 718 1225 ediderunt
742 1193 961 1226 Turioenses

293 1308 425 1347 χεσθαι
450 1305 634 1336 πολιτείαν.
661 1304 834 1338 Quocirca
860 1304 940 1337 vide

297 1363 340 1383 ne
364 1351 420 1383 hic
446 1351 563 1382 vitium
592 1350 732 1390 aliquod
749 1351 936 1383 delituerit.

300 1397 458 1430 Astins
484 1397 623 1437 quidem
651 1402 746 1428 certe
772 1406 838 1428 non
864 1397 940 1428 sine

298 1452 424 1475 caussa
457 1442 596 1474 videtur
626 1443 807 1474 maluisse:
839 1444 940 1474 πολι-

300 1489 388 1524 τείας
429 1488 596 1530 σωτηρίας
629 1499 666 1518 τε
707 1487 763 1519 καὶ
802 1488 939 1523 λύσεως.

300 1533 370 1566 Sed
396 1533 550 1565 fortasse
575 1530 701 1568 λύσεως
728 1538 861 1566 temere
887 1537 942 1565 est

299 1579 559 1620 interpositum,
596 1588 664 1619 quo
693 1581 839 1620 expulso
866 1589 941 1611 om—

300 1626 355 1657 nia
381 1636 458 1657 sese
484 1624 608 1656 babent
624 1625 826 1657 rectissime.
853 1624 938 1657 Nam

300 1671 426 1702 πολλοὶ
475 1669 592 1712 καιροὶ
645 1670 819 1707 πολιτείας
862 1675 940 1702 sunt

301 1716 500 1758 periculosa
533 1721 689 1756 tempora
716 1717 940 1756 reipublicae,

300 1762 424 1802 quibus
450 1762 543 1792 salus
568 1761 678 1801 ipsius
694 1761 725 1792 in
744 1761 942 1793 discrimine

300 1811 473 1839 versatur.
500 1806 590 1838 Dein
609 1806 650 1837 ad
675 1805 837 1850 καθάπερ
862 1803 943 1843 νεῶς

303 1851 323 1892 ἢ
356 1850 444 1891 ζώου
478 1851 573 1887 τινός
609 1852 668 1883 int.
702 1853 817 1893 καίροί
848 1853 940 1884 εἰσιν.

301 1897 358 1930 Ad
398 1897 490 1939 quod
538 1896 688 1928 refertur
731 1896 813 1937 οὓς,
842 1898 941 1939 -qnia

301 1945 368 1976 iam
387 1943 625 1984 intelliguntur
640 1953 697 1974 res
715 1944 824 1983 ipsae,
854 1952 943 1984 quas

301 1998 416 2021 rerum
445 1987 640 2020 discrimina
667 1989 824 2021 afferunt.
873 1989 943 2021 Pro

300 2031 364 2071 οἶῘς
387 2033 514 2069 τόνους
542 2033 646 2066 codd.
672 2044 792 2066 omnes
814 2033 876 2070 offe
892 2035 944 2066 ἐν-

301 2078 450 2118 τόνους,
503 2083 540 2110 ut
589 2079 771 2112 ediderunt
824 2081 944 2121 nuperi

304 2125 460 2158 editores
487 2134 567 2156 cum
597 2124 805 2158 Bekkero.
838 2125 943 2159 Quod

302 2181 365 2203 nos
403 2174 541 2203 mutare
583 2179 649 2202 non
697 2170 942 2203 dubitavimus.

302 2217 389 2249 Nam
419 2217 553 2252 ἔντονος
585 2225 751 2257 nusquam
780 2217 944 2248 substan·

302 2263 370 2295 tive
397 2262 544 2302 ponitur.
596 2262 741 2294 Accedit
770 2263 862 2303 quod
891 2267 941 2294 te-

302 2313 356 2341 ste
386 2308 540 2340 Bastio
577 2308 706 2349 syllaba
737 2308 770 2339 ἰν
795 2309 827 2339 in
854 2308 942 2340 duo-

303 2354 366 2386 bus
406 2352 509 2386 codd.
551 2353 854 2394 praestantissimis
898 2354 940 2385 li-

305 2400 406 2431 neola
438 2399 599 2441 imposita
629 2403 790 2441 tanquam
826 2409 942 2432 errore

305 2449 380 2478 orta
407 2449 556 2477 notatur.
610 2445 701 2477 Sunt
734 2449 847 2478 autem
880 2443 942 2476 τό-

304 2501 358 2521 νοι
390 2491 530 2523 omnino
571 2490 797 2529 tendines‚
839 2490 942 2523 veluti

306 2535 453 2569 funes.
507 2535 735 2576 rudentes,
791 2536 939 2568 restis.

301 2580 581 2621 ’Υποζώματηι
619 2587 734 2614 autem
776 2585 942 2614 vocantur
969 2576 983 2588 ‘⁴'

304 2627 428 2659 latiore
460 2636 562 2658 sensu
603 2627 773 2660 cinctus
816 2633 855 2660 et
896 2628 940 2659 li—

304 2672 690 2713 gamenta,quibns
715 2672 816 2715 quid
843 2683 938 2705 con-

305 2721 344 2748 te
356 2727 374 2749 x
387 2718 394 2748 i
407 2721 484 2754 tur,
501 2721 606 2759 atque
621 2719 743 2751 eximie
769 2719 937 2751 navium

1013 1195 1057 1225 At
1081 1192 1218 1225 redolet
1243 1204 1282 1225 ea
1310 1193 1410 1225 lectio
1434 1190 1647 1233 grammatici

1010 1305 1231 1343 tabulata,
1287 1304 1446 1345 quibus
1505 1303 1646 1334 latera

1011 1360 1156 1382 earum
1204 1350 1498 1382 continentur.
1553 1347 1647 1379 Scri-

1009 1402 1108 1438 ptura
1135 1393 1386 1436 ὑηοζώσματα,
1416 1404 1518 1435 quam
1545 1393 1647 1425 Cor-

1010 1443 1159 1474 narius
1185 1442 1339 1482 requirit.
1368 1442 1567 1481 neutiquam
1588 1448 1648 1470 ne-

1010 1487 1162 1520 cessaria
1198 1492 1252 1519 est
1279 1487 1478 1527 videturque
1510 1485 1648 1517 omnino

1010 1544 1088 1566 esse
1113 1533 1237 1566 aetatis
1262 1532 1465 1565 recentioris
1490 1532 1649 1573 propria3

1010 1591 1040 1610 v.
1074 1579 1229 1612 lacobs
1267 1578 1309 1610 ad
1346 1577 1466 1610 Achill.
1501 1576 1582 1609 Tat.
1616 1586 1647 1617 p.

1007 1625 1087 1659 399.
1111 1624 1302 1656 Lobeck.
1323 1624 1364 1655 ad
1381 1623 1548 1663 SophocL
1566 1622 1648 1653 Aia·

1009 1682 1083 1702 cem
1121 1681 1152 1711 p.
1192 1669 1271 1703 316.
1313 1669 1366 1702 ed.
1402 1669 1433 1702 2.
1493 1668 1649 1708 Denique

1009 1715 1137 1758 νεύρων
1174 1712 1331 1746 ’ἓπίτονοι
1368 1718 1447 1746 sunt
1496 1723 1648 1745 nervo-

1009 1771 1095 1794 rum
1151 1761 1444 1793 intensiones.
1509 1759 1648 1800 Quippe

1009 1807 1208 1839 referuntur
1245 1805 1330 1838 haee
1369 1805 1482 1838 omnia
1521 1806 1649 1846 pariter

1009 1853 1051 1886 ad
1079 1861 1205 1893 corpus
1237 1851 1342 1892 atque
1378 1851 1421 1883 ad
1446 1852 1575 1887 navim,
1601 1851 1648 1882 si-

1010 1898 1147 1940 quidem
1186 1907 1350 1938 germana
1398 1898 1443 1929 sit
1483 1897 1647 1929 librorum

1011 1945 1203 1985 scriptura,
1238 1943 1329 1984 quod
1362 1952 1427 1974 non
1459 1942 1646 1974 credimus.

1010 1989 1097 2022 Nam
1123 1989 1216 2021 istud
1244 1988 1264 2029 ἢ
1291 1987 1381 2027 ζώου
1406 1986 1649 2030 (ζώιου)’ρθι“-

1010 2045 1111 2076 quam
1153 2039 1207 2066 est
1244 2036 1419 2075 ineptum,
1469 2043 1532 2075 pro
1578 2043 1648 2075 quo

1011 2080 1101 2113 haud
1119 2084 1324 2112 cunctanter
1341 2089 1489 2122 reponas
1515 2077 1536 2119 ἢ
1552 2080 1648 2110 πλοί-

1009 2137 1072 2165 ου,
1106 2126 1135 2157 li.
1171 2136 1199 2157 e.
1240 2126 1363 2158 navis
1406 2125 1646 2156 onerariae.

1011 2172 1121 2203 Plat.
1151 2170 1287 2204 Menex.
1315 2182 1347 2212 p.
1373 2170 1452 2204 240.
1483 2171 1521 2201 Α.
1554 2169 1587 2200 ἔν
1612 2181 1647 2202 τε

1012 2217 1185 2251 πλοίοις
1225 2216 1281 2247 καὶ
1320 2216 1465 2254 ναυσί,
1506 2216 1538 2247 in
1581 2224 1647 2257 qna

1010 2262 1231 2304 oppositione
1269 2261 1311 2294 de.
1350 2261 1494 2293 navibus
1535 2260 1646 2303 longis

1010 2309 1082 2340 sive
1111 2307 1241 2340 bellicis
1266 2312 1373 2349 atque
1393 2305 1550 2339 rotundis
1575 2308 1648 2340 sive

1009 2353 1177 2387 onerariis
1202 2353 1426 2395 cogitandum
1455 2357 1520 2385 est.
1555 2352 1645 2385 conf.

1009 2398 1223 2432 Herodot.
1259 2399 1318 2431 Vl.
1357 2399 1413 2433 48.
1454 2397 1644 2439 Thucyd.

1011 2445 1068 2478 lv
1096 2444 1173 2479 118.
1191 2445 1360 2479 cou.120.
1388 2444 1550 2477 Ceterum
1569 2453 1644 2485 per—

1010 2501 1125 2531 peram
1147 2493 1169 2522 Α
1183 2491 1290 2523 stius
1311 2490 1486 2530 πολλαχοῦ
1504 2491 1645 2522 coniun-

1009 2537 1057 2568 xit
1081 2547 1159 2568 curn
1182 2536 1436 2592 διεσπαρμένην.

1055 2586 1115 2618 εἰς
1149 2583 1189 2614 δὲ
1219 2585 1352 2619 οὑτος
1385 2579 1434 2612 ου’
1457 2579 1645 2634 σμικρό-

1008 2639 1140 2664 τατος
1161 2628 1217 2671 -]
1245 2629 1404 2669 Intellige
1427 2624 1471 2658 τὰ
1494 2628 1560 2657 τῶν
1588 2626 1646 2658 εὐ-

1009 2672 1140 2705 θιὶνων.

1076 2719 1118 2750 D.
1169 2719 1237 2751 καὶ
1285 2716 1409 2751 τοῦτ’
1459 2718 1503 2749 ἐν
1551 2717 1645 2761 δίκῃ
