1781 2971
317 174 394 217 1822

313 289 421 326 tione,
446 297 534 328 quae
559 297 580 318 a
604 286 766 318 doctrina
791 287 951 319 Platonis

316 334 349 364 iu
376 332 542 372 Timaeo,
567 332 719 373 aliisque
745 334 846 364 libris
873 344 951 374 pro-

314 379 400 418 dita,
425 378 548 418 utique
565 378 727 409 nonnihil
753 378 952 419 discrepare

314 424 510 455 videantur.
576 422 751 460 Quorsum
803 425 953 465 primum

314 468 498 501 referimus
539 469 647 507 illud,
691 469 786 511 quod
829 470 953 501 summi

315 515 408 546 illius
444 514 533 553 Dei,
571 525 673 555 quem
719 515 953 556 philosophus

315 569 421 601 quum
445 561 530 593 alibi
556 560 786 601 significavit,
819 567 891 603 trum
916 561 952 592 in

313 605 462 637 Timaeo
511 616 581 637 non
637 607 742 638 modo
796 607 953 638 universi

315 652 447 692 mundi,
478 652 539 683 sed
565 652 669 683 etiam
695 652 840 684 deorum
865 652 953 684 infe-

314 699 447 729 riorum
481 702 659 739 parentem
686 698 786 737 fecit,
820 699 878 730 hic
909 708 953 730 ne

315 744 421 776 verbo
466 744 608 784 quidem
652 744 781 775 iniecta
821 745 950 776 mentio

314 794 377 821 est.
427 788 502 820 Nec
534 790 647 821 minus
675 790 799 821 mirum
834 790 952 822 videa-

313 840 387 876 tur,
423 835 518 875 quod
543 835 776 876 philosophus
802 840 952 867 mentem

314 882 367 913 vel
416 881 584 921 animam,
633 882 788 913 omnium
836 891 952 913 rerum

313 927 582 958 moderatricem
619 928 814 968 principem
850 932 953 968 atque

316 972 526 1004 effectricem
541 982 612 1003 non
636 973 722 1004 satis
739 973 782 1004 ab
808 973 867 1004 illa
881 973 954 1004 aui-

317 1028 372 1049 ma
397 1018 609 1057 distinxerit,
637 1028 740 1059 quam
758 1028 819 1058 per
845 1023 954 1050 totam

316 1074 430 1095 rerum
462 1064 726 1096 universitatem
757 1069 862 1104 atque
894 1074 955 1105 per

318 1110 434 1141 omnia
460 1110 663 1141 animalium
688 1119 820 1151 genera
844 1111 956 1142 credi-

317 1156 369 1187 dit
401 1165 479 1187 esse
511 1160 677 1198 tanquam
710 1157 880 1188 intentam
905 1160 956 1188 at-

317 1211 384 1244 que
400 1202 576 1233 diffusam.
604 1200 682 1239 Quo
701 1202 843 1234 nomine
859 1203 956 1234 Ana-

317 1257 487 1289 xagoram
527 1249 746 1279 meminimus
783 1249 825 1280 ab
862 1249 955 1279 Ari-

318 1294 466 1326 stotel.
493 1293 557 1325 De.
574 1281 743 1327 animaff.
763 1304 791 1325 c.
816 1294 850 1328 2.
878 1303 957 1334 gra-

318 1341 407 1372 viter
441 1350 632 1382 severeque
672 1340 881 1380 reprehendi
923 1343 958 1371 et

317 1387 502 1427 castigari,
535 1396 599 1417 nec
630 1386 789 1426 profecto
815 1385 955 1417 iniuria.

317 1432 411 1470 Quid
438 1433 569 1473 igitur?
602 1432 849 1474 putabimusne
874 1431 958 1462 Pla-

316 1484 436 1511 tonem
469 1479 505 1509 in
542 1489 582 1510 eo
617 1488 745 1518 opere,
783 1478 877 1519 quod
913 1477 956 1509 ab

317 1526 393 1566 ipso
414 1529 528 1557 aetate
546 1526 615 1556 iam
639 1525 862 1565 provectiore
887 1523 956 1555 ela-

318 1572 478 1603 boratum
497 1581 573 1603 esse
591 1571 779 1602 verisimile
806 1574 870 1609 est,
895 1579 957 1610 po-

319 1622 498 1659 steaquam
529 1618 708 1649 docuisset
736 1618 819 1648 olim
851 1616 958 1656 longe

318 1664 466 1695 meliora
486 1668 519 1694 et
535 1664 579 1695 ad
606 1663 748 1694 divinae
775 1662 959 1702 religionis

319 1714 461 1741 nostrae
484 1710 667 1741 verit-atem
685 1710 794 1740 multo
814 1708 959 1750 propius

321 1756 540 1796 accedentia,
589 1755 740 1796 denique
784 1755 960 1794 relapsum

323 1812 399 1833 esse
425 1801 469 1833 ad
494 1807 627 1833 veteres
653 1811 791 1833 errores
812 1804 845 1832 et
869 1801 961 1830 inter

323 1848 554 1889 philosophos
599 1848 792 1888 superioris
835 1846 961 1878 aetatis

323 1895 483 1935 adeoque
508 1895 603 1926 cives
629 1904 712 1925 suos
738 1894 884 1924 multum
909 1901 960 1923 ce-

323 1941 500 1972 lebratos?
527 1939 698 1971 Nimirum
725 1940 862 1971 estlioc
877 1947 961 1969 sane

323 1985 509 2026 eiusmodi,
527 1990 566 2017 ut
581 1986 800 2017 accuratiore
815 1986 961 2025 dignum

323 2033 486 2064 videatur
533 2033 780 2073 disputatione.
849 2030 961 2062 Nobis

324 2084 439 2111 tamen
462 2078 621 2110 hocloco
647 2078 766 2110 licebit
793 2087 868 2109 esse
885 2077 962 2107 bre-

324 2125 496 2164 vioribus,
516 2123 801 2165 quandoquidem
814 2123 850 2154 hi
871 2131 963 2154 com-

324 2171 487 2203 mentarii
528 2180 596 2202 non
635 2170 777 2211 capiunt
811 2169 862 2200 rei
893 2173 963 2198 tam

324 2217 462 2258 amplae
509 2216 706 2247 uberiorem
759 2214 963 2256 explicatio-

325 2273 415 2295 nem.
452 2261 738 2304 significabimus
762 2262 872 2301 igitur
886 2260 962 2291 bre-

326 2310 428 2349 viter,
455 2309 538 2350 quid
564 2309 665 2341 nobis
681 2308 724 2340 de
739 2312 814 2340 tota
841 2315 965 2339 caussa

328 2356 499 2387 videatur.
534 2354 575 2386 In
603 2365 672 2397 qua
693 2364 731 2386 re
757 2352 966 2395 explicanda

326 2402 436 2434 ordiri
468 2402 586 2433 licebit
610 2402 653 2434 ab
681 2410 741 2440 eo,
775 2399 871 2442 quod
899 2408 962 2439 po-

326 2449 475 2480 steriore
494 2448 574 2479 loco
594 2447 875 2485 memoravimus.
903 2444 964 2475 Vi—

328 2495 430 2526 detur
462 2494 568 2535 igitur
596 2493 718 2532 Plato,
754 2493 871 2534 inquit
903 2490 965 2522 ali-

329 2541 419 2581 quis,
444 2541 596 2571 animam
623 2539 832 2572 mundanam
861 2540 966 2578 atque

329 2591 487 2618 naturam
511 2587 667 2618 divinam
686 2586 742 2618 hic
762 2595 864 2617 unam
885 2592 965 2614 ean-

330 2633 477 2674 demque
501 2632 716 2664 iudicavisse
740 2641 853 2673 neque
872 2631 966 2670 ipsas

331 2678 400 2710 ullo
437 2679 541 2710 modo
578 2679 799 2711 discrevisse.
851 2676 967 2708 Grave

332 2735 414 2757 vero
464 2726 585 2756 vitium
640 2721 968 2765 argumentationis,

333 2771 425 2812 «pind
443 2772 470 2804 si
498 2771 697 2804 admisisset
723 2768 968 2812 philosophus.

786 172 1163 217 PLATONIS

1020 288 1123 328 plane
1149 287 1349 319 deseruisse
1374 287 1485 318 videri
1515 287 1657 318 deberet

1021 343 1096 364 eam
1134 333 1323 372 rationem,
1360 342 1462 373 quam
1497 333 1585 364 adeo
1620 333 1657 362 in

1022 378 1187 419 Timaeo,
1221 378 1288 409 hoc
1320 383 1372 410 est
1401 385 1590 419 coepere,
1621 377 1657 408 in

1022 433 1110 464 quo,
1135 425 1237 456 sicuti
1263 424 1338 464 ipse
1364 423 1563 464 profitetur,
1601 432 1656 454 ve-

1022 470 1297 501 risimilitudinis
1333 469 1450 510 potius
1475 479 1577 510 quam
1601 477 1658 500 ve·

1022 515 1136 546 ritatis
1171 516 1366 546 doctrinam
1406 519 1557 546 sectatus
1594 519 1658 554 est,

1020 560 1166 592 firmiter
1191 561 1346 594 retinuit.
1383 561 1433 592 At
1457 561 1549 592 enim
1575 569 1658 591 vero

1021 607 1182 647 speciosa
1203 611 1339 639 tantum
1370 606 1455 638 haec
1481 611 1534 638 est
1558 605 1659 637 dubi-

1021 653 1127 692 tatio,
1162 662 1234 683 non
1258 653 1340 684 item
1373 652 1476 684 iusta.
1535 651 1660 692 Neque

1021 699 1112 729 enim
1139 697 1240 730 Plato
1268 699 1317 730 sic
1342 707 1480 729 omnem
1509 698 1661 729 animam

1021 745 1134 775 voluit
1163 748 1332 785 protenus
1363 744 1447 775 item
1472 752 1547 775 esse
1571 741 1659 774 divi-

1021 800 1114 830 nam,
1130 790 1191 821 sed
1212 800 1286 822 eam
1302 794 1447 829 tantum,
1468 799 1558 830 quae
1571 788 1659 820 divi—

1021 845 1085 867 nae
1102 836 1250 867 rationis
1264 839 1357 868 esset
1376 840 1483 866 tenax
1504 839 1538 866 et
1552 835 1659 876 parti-

1021 891 1113 923 ceps.
1153 880 1329 919 Quorsum
1351 881 1527 921 pertinent
1551 880 1660 912 maxi-

1021 937 1076 959 me
1111 927 1218 959 verba
1245 937 1278 968 p.
1305 926 1384 960 897.
1413 926 1454 957 Β.
1491 935 1580 968 quae
1605 935 1660 957 su-

1022 982 1086 1013 pra
1111 973 1263 1004 <fidimus
1289 976 1428 1004 temere·
1445 981 1467 1003 a
1491 981 1662 1013 gramma-

1022 1019 1100 1050 ticis
1137 1029 1214 1050 esse
1249 1022 1415 1059 corrupt-a
1453 1027 1494 1049 ac
1539 1018 1661 1059 depra-

1025 1069 1124 1096 vatax
1163 1061 1216 1096 οἷς
1239 1062 1331 1105 ψυχὴ
1357 1062 1510 1104 χρωμένη
1546 1063 1663 1094 νοῦν

1024 1109 1083 1149 μὲν
1105 1110 1354 1151 προςλαβοῦσα
1373 1105 1423 1140 ἀεὶ
1447 1108 1575 1141 θεῖον
1592 1108 1662 1140 θε-

1027 1153 1073 1188 ὸς
1099 1153 1152 1187 ὥς
1174 1153 1270 1197 ὀρθὰ
1296 1156 1349 1187 καὶ
1375 1151 1562 1195 εὐδαίμονα
1586 1165 1663 1186 παι·

1025 1200 1173 1244 δαγωγεῑ
1196 1200 1316 1234 πάντα.
1347 1202 1468 1242 Atque
1492 1201 1558 1233 hoc
1582 1210 1664 1243 pro·

1025 1248 1117 1280 fecto
1153 1248 1256 1289 plane
1292 1247 1458 1279 convenit
1493 1257 1570 1279 cum
1606 1247 1664 1286 iis,

1025 1304 1114 1335 quae
1147 1296 1183 1325 in
1219 1294 1367 1325 Timaeo
1397 1293 1441 1325 de
1475 1293 1596 1325 eadem
1627 1302 1666 1324 re

1026 1340 1207 1380 disputata
1247 1341 1425 1380 leguntur.
1482 1339 1538 1371 Ibi
1573 1340 1666 1370 enim

1026 1396 1180 1417 summus
1215 1385 1313 1417 Deus
1344 1386 1494 1417 animam
1519 1384 1665 1416 munda-

1025 1442 1105 1463 nam
1153 1431 1346 1463 fabricatur
1394 1431 1551 1472 quidem,
1603 1430 1665 1465 sed

1026 1478 1172 1510 eandem
1210 1479 1313 1509 etiam
1349 1476 1434 1508 facit
1469 1476 1665 1509 divinitatis

1026 1524 1234 1566 participem
1259 1533 1312 1563 eo,
1338 1523 1434 1565 quod
1458 1523 1571 1563 ipsam
1594 1532 1666 1554 non

1027 1570 1131 1602 modo
1158 1579 1200 1602 ex
1237 1573 1351 1601 mente
1376 1578 1440 1600 sua
1471 1569 1667 1609 progignit,

1029 1626 1147 1648 verum
1175 1616 1280 1646 etiam
1304 1614 1606 1656 praestantissimo
1626 1624 1667 1646 ae
1712 1636 1720 1640 -

1026 1662 1281 1703 perfectissimo
1298 1665 1397 1692 motu
1414 1665 1526 1691 ornat.
1538 1658 1667 1698 Quam-

1026 1707 1150 1739 obrem
1195 1707 1300 1739 etiam
1346 1706 1544 1746 assignatas
1596 1707 1667 1738 sin—

1027 1754 1119 1794 gulis
1169 1753 1344 1785 sideribus
1393 1753 1528 1784 animas
1577 1753 1668 1783 inter

1027 1800 1111 1832 deos
1135 1799 1331 1831 mundanos
1355 1797 1479 1836 resert;
1513 1809 1544 1829 v.
1572 1797 1665 1830 Tim.

1027 1856 1059 1887 p.
1077 1845 1134 1879 41.
1152 1845 1197 1876 D.
1221 1855 1298 1886 sqq.
1335 1844 1454 1885 Atque
1480 1844 1570 1876 hanc
1592 1844 1667 1876 eius

1029 1892 1237 1923 sententiam
1254 1891 1323 1921 dici
1343 1899 1413 1921 non
1429 1894 1545 1930 potest
1564 1899 1668 1931 quam

1028 1938 1126 1969 multi
1159 1936 1371 1978 posterioris
1401 1936 1527 1968 aetatis
1554 1935 1667 1977 philo-

1030 1982 1347 2025 sophinimprimis
1371 1980 1563 2021 Platonici,
1594 1981 1668 2014 lau-

1030 2029 1214 2068 daverint,
1246 2037 1335 2069 quos
1367 2030 1494 2068 partim
1523 2036 1670 2060 comme-

1030 2080 1145 2108 morat
1181 2074 1428 2106 Creuzerus
1468 2073 1515 2105 ad
1539 2073 1670 2105 ‘Procli

1031 2122 1296 2154 Institutionem
1319 2119 1527 2160 Theologie.
1538 2130 1572 2160 p.
1587 2117 1669 2153 276.

1032 2167 1088 2199 Illi
1115 2167 1206 2198 enim
1233 2174 1354 2197 omnes
1382 2165 1562 2204 viderunt,
1591 2164 1670 2196 Pla-

1030 2218 1149 2244 tonem
1184 2212 1264 2244 ideo
1299 2211 1435 2242 animas
1472 2211 1588 2243 facere
1619 2210 1670 2242 di-

1031 2259 1135 2291 vinae
1153 2257 1336 2299 dignitatis
1361 2257 1562 2299 participes,
1586 2257 1672 2298 quia

1032 2305 1067 2337 in
1106 2305 1232 2336 mentis
1272 2303 1489 2345 rationisque
1530 2303 1672 2335 divinae

1031 2350 1309 2383 communionem
1324 2349 1558 2389 pervenerint,
1566 2349 1670 2380 adeo-

1033 2407 1099 2438 que
1124 2406 1195 2428 non
1222 2395 1460 2436 dubitavisse,
1484 2404 1671 2436 corporum

1031 2444 1202 2484 imprimis
1227 2442 1432 2474 coelestium
1463 2441 1672 2474 moderatri-

1032 2499 1088 2522 ces
1113 2495 1147 2520 et
1172 2489 1434 2530 gubernatrices
1453 2488 1489 2519 in
1508 2486 1574 2519 diis
1592 2496 1670 2518 coe-

1033 2536 1179 2568 lestibus
1217 2543 1413 2566 numerare.
1473 2532 1548 2565 Nec
1587 2542 1671 2564 vero

1034 2582 1076 2614 ab
1097 2584 1162 2613 hac
1187 2580 1365 2613 sententia
1390 2579 1534 2612 multum
1557 2578 1671 2610 abfuit

1037 2629 1288 2668 Anaxagoras,
1320 2628 1363 2658 de
1387 2635 1455 2667 quo
1483 2625 1670 2656 Aristot.

1036 2675 1088 2706 De
1122 2675 1239 2706 anima
1264 2673 1293 2704 I.
1320 2684 1347 2704 c.
1373 2671 1404 2704 2.
1432 2671 1538 2703 refert
1570 2672 1671 2703 haec:

1035 2717 1268 2761 Ἀναξαγόρας
1297 2714 1331 2749 δ’
1357 2717 1446 2749 ἔοικε
1473 2716 1532 2756 μὲν
1557 2716 1673 2757 ἕτερον

1039 2766 1144 2808 λέγειν
1170 2763 1282 2807 ψυχήν
1309 2775 1340 2796 τε
1361 2765 1415 2796 καὶ
1441 2763 1536 2795 ιὀιῗν.
1563 2760 1673 2803 ὥςπερ
