1781 2971
381 158 761 204 EPINOMIS.
794 159 842 200 P.
876 159 971 200 983.
1005 158 1098 199 984.
1131 157 1195 200 St.
1370 155 1448 195 507

109 282 287 336 θάτερα
344 284 503 329 θετέα,
558 276 611 319 τὰ
671 279 715 319 δὲ
761 280 950 319 τεθέντα
1008 279 1213 330 τιμητέον
1273 272 1451 316 πάντων

107 347 380 403 ἀγαλμάτων
409 345 729 403 διαφερόντως·
767 343 820 387 οὐ
858 341 944 400 γάρ
980 343 1040 398 μή
1076 359 1184 386 ποτε
1202 342 1322 401 φανῇ
1350 341 1453 382 καλ-

108 419 184 459 λίω
221 416 292 457 καὶ
324 412 554 467 κοινότερα
590 410 854 467 ξυμπάντων
899 409 1162 464 ἀνθρώπων
1199 408 1454 463 ἀγάλματα,

110 481 205 526 οὐδ’
248 486 293 524 ὲν
329 483 583 538 διαφέρουσι
620 478 772 528 τόποις
804 480 1024 533 ἱδρυμένα,
1053 476 1358 531 καθαριότητι
1380 475 1454 516 καὶ

109 549 343 605 σεμνότητι
386 550 457 590 καὶ
501 546 704 606 ξυμπάσῃ
753 547 835 605 ζωῇ
892 548 1184 621 διαιρεροντα,
1242 541 1267 594 ἢ
1314 540 1454 600 ταύτῃ

110 617 167 668 ὡς
203 616 348 675 πάντη
392 620 632 668 ,εὶένηταμ
677 615 758 655 νῦν
804 606 884 655 οὖν
932 611 983 664 δη
1031 628 1128 664 περι
1164 611 1288 652 θεῶν
1325 614 1458 663 ἐγχει-

110 686 253 740 ρῶμεν
288 683 339 725 τό
375 698 421 736 γε
458 682 688 734 τοσοῦτον,
726 681 778 722 τά
819 679 895 722 δύο
913 678 1166 727 κατιδόντες
1201 678 1289 729 ζωα
1311 674 1454 753 ὁρατά

112 749 245 829 ημῖν,
295 748 323 791 ἄ
369 765 514 807 φαμεν
566 746 614 789 τὸ
665 749 745 801 μὲν
786 745 1055 794 ἀθάνατον,
1112 744 1161 787 τὸ
1216 746 1260 786 δὲ
1304 744 1459 798 γηϊνον

109 816 234 860 ἅπαν
265 817 444 868 θνητόν
478 830 718 869 γεγονεναι,
755 830 807 855 τα
848 830 946 869 τρια
984 813 1037 854 τά
1074 818 1183 866 μέσα
1210 813 1298 853 τῶν
1320 816 1457 859 πέντε,

111 882 188 945 [τά
237 881 398 938 μεταξὺ
445 878 662 940 τούτων],
707 887 962 938 σαφέστατα
1013 878 1126 921 κατα
1188 879 1322 930 δόξαν
1376 876 1458 928 τὴν

110 953 271 1003 ἐπιεικῆ
308 947 523 1003 γεγονότα
561 950 840 1003 πειραθῆναι
877 950 1025 1001 λέγειν
1069 948 1235 999 αἰθέρα
1270 947 1385 1000 μὲν)
1389 943 1457 998 άρ

110 1021 217 1072 μετὰ
270 1017 320 1059 τὸ
369 1017 456 1071 πῦρ
492 1017 675 1070 θῶμεν
732 1014 875 1073 ψιχην
912 1014 949 1056 δ’
1001 1015 1042 1065 ἐξ
1080 1013 1221 1056 αὐτου
1260 1014 1457 1066 τιθῶμεν

113 1193 223 1237 ταύτῃ
250 1204 355 1235 γεγεν.
405 1192 475 1224 Sed
504 1201 533 1223 v.
566 1191 750 1231 Explicatt

202 1238 226 1270 ἆ’
256 1250 395 1281 φαμεν
428 1238 472 1269 τὸ
508 1242 576 1278 μὲν
607 1237 760 1279 ἅθαν.]
794 1251 812 1266 α
846 1237 1017 1279 φαίνωμεν
1041 1232 1226 1266 ἀθάνατοι
1251 1232 1343 1265 Flor.
1370 1243 1399 1264 a.
1428 1242 1458 1263 c.

113 1297 143 1317 ο.
172 1290 207 1317 et
236 1285 312 1317 Vat.
345 1282 382 1315 Ω.
417 1285 551 1325 vulgata
583 1284 734 1315 lectione
765 1283 794 1314 in
833 1292 938 1323 marg.
972 1282 1157 1322 adscripta.
1192 1280 1269 1311 Par.
1297 1281 1341 1311 A.
1369 1284 1459 1310 teste

117 1331 236 1363 Bastio
268 1328 290 1361 ιῖ
322 1332 487 1371 φαίνομεν
519 1329 564 1361 τὸ
599 1332 676 1370 μὲν
709 1327 903 1361 αθιίνατον
961 1328 1080 1368 ltaque
1114 1327 1275 1357 dissentit
1321 1325 1458 1357 uastius

113 1387 190 1409 cum
221 1377 399 1415 Bekkero,
431 1376 485 1416 qui
518 1375 602 1407 haec
624 1376 822 1407 annotavit:
856 1378 962 1413 ..ante
993 1372 1178 1405 ἇθιὶνιιιον
1205 1371 1304 1403 omisi
1333 1385 1370 1401 τι,
1400 1373 1460 1412 μὲν

113 1433 188 1455 cnm
217 1433 267 1464 pr.
294 1424 338 1454 A.
367 1427 401 1454 et
426 1435 479 1463 γρ
511 1420 577 1453 2⁶²·
625 1420 698 1454 Nos
723 1421 751 1452 si
777 1421 857 1462 quid
884 1420 1036 1452 iudicare
1065 1428 1260 1460 possumus,
1289 1418 1340 1449 hic
1367 1422 1462 1449 certe

112 1469 150 1501 τὸ
180 1471 239 1512 μὲν
268 1468 464 1501 tenendum.

113 1607 225 1639 tisse
281 1605 557 1637 arbitramur.
607 1605 754 1638 Poterat
822 1602 1090 1636 existimandum
1127 1602 1190 1634 sit:
1227 1611 1267 1633 ex
1300 1601 1380 1631 Vat.
1422 1596 1460 1630 Ω.

112 1653 145 1684 in
172 1651 221 1684 his
247 1661 386 1692 quoque
415 1649 452 1681 τὸ
472 1653 528 1690 μὲν
553 1652 687 1691 omitti,
715 1656 752 1682 ut

114 1702 215 1730 antea
256 1708 288 1739 p.
332 1696 412 1730 983.
447 1697 485 1728 D.
547 1696 615 1729 Sed
648 1697 749 1729 codd.

114 1753 231 1777 omnes
265 1753 370 1774 voces
404 1743 455 1775 hic
491 1744 576 1775 satis
603 1748 753 1783 tuentur,

113 1794 152 1822 ut
201 1790 369 1822 uouemus
417 1788 662 1822 Bekkerum
717 1795 752 1822 et

116 1836 419 1871 Hermannum,
472 1836 596 1876 quibus
646 1837 749 1868 etiam

114 1881 322 1913 Baiter-us
354 1891 463 1922 nuper
487 1882 654 1920 accessit,
691 1893 750 1914 eas

115 1927 274 1960 eiecisse.
326 1926 414 1957 Nam
450 1928 542 1966 quod
572 1928 619 1958 illi
656 1927 752 1958 Pari-

115 1973 177 2004 sini
207 1976 245 2004 A.
274 1978 307 2005 et
335 1973 493 2003 Vaticani
524 1970 561 2003 Ω.
600 1973 752 2004 auctori-

117 2023 222 2051 tatem
254 2019 416 2054 afferunt,
452 2022 505 2050 est
539 2018 655 2050 horum
693 2029 753 2049 co-

116 2065 231 2102 dicum
267 2065 353 2096 fides
385 2063 437 2096 hic
463 2064 552 2095 adeo
578 2069 753 2105 suspecta,

116 2116 152 2142 ut
193 2111 294 2143 etiam
334 2112 507 2152 vulgatam
545 2111 751 2152 scripturam

116 2159 202 2190 tueri
236 2156 426 2188 videantur.
476 2155 561 2188 Nam
590 2156 753 2189 Bekke-

117 2213 186 2234 rus
228 2203 364 2244 quidem
410 2202 552 2233 scribit·
608 2203 753 2242 „Omisi

118 2247 155 2279 τὸ
187 2247 246 2287 μὲν
279 2259 353 2280 vum
390 2258 439 2289 pr.
468 2249 512 2279 A.
540 2253 574 2279 et
600 2260 652 2289 γρ,
684 2246 753 2280 ,ΩᾺ3

119 2295 220 2333 Quod
255 2295 296 2325 ad
330 2293 431 2326 fidem
466 2293 660 2326 faciendum
692 2306 751 2336 pa-

118 2350 191 2372 rum
247 2341 356 2379 vaiet,
414 2340 583 2380 siquidem
634 2350 753 2382 margo

119 2385 248 2418 codicis
285 2384 322 2417 Ω.
363 2386 435 2418 fere
465 2386 656 2419 deteriores
695 2397 755 2419 ex-

120 2432 214 2465 hibet
250 2432 433 2464 lectiones.
492 2432 562 2463 Sed
595 2443 636 2464 ne
673 2444 753 2465 vera

118 2477 254 2520 quidem
292 2487 369 2510 esse
406 2476 563 2508 videntur
587 2489 675 2518 quae
703 2480 755 2511 vir

120 2524 280 2566 egregius
306 2525 430 2555 narrat.
459 2521 543 2554 Nam
573 2524 752 2556 Bastius

120 2574 215 2603 certe
246 2580 287 2602 ex
310 2568 387 2601 cod.
417 2568 494 2600 Par.
522 2569 566 2600 A.
603 2571 754 2602 enotavit

118 2626 206 2660 banc
246 2627 451 2660 lectionem
483 2622 503 2656 ἃ
535 2622 753 2675 φαίνομεν

120 2685 171 2731 τὸ
207 2690 286 2744 μὲν
321 2691 564 2732 ἀθάνατον,
593 2694 686 2725 utin
711 2705 752 2726 eo

123 2751 209 2785 libro
243 2750 279 2783 τὸ
310 2752 369 2791 μὲν
402 2751 538 2784 minime
565 2749 752 2784 desiderari

821 1657 936 1682 autem
963 1649 1052 1681 idem
1071 1649 1246 1689 excerpsit
1264 1645 1349 1678 hanc
1375 1646 1460 1677 scri-

825 1702 947 1738 pturae
984 1696 1209 1726 varietatem:
1253 1690 1272 1724 ἃ
1306 1694 1460 1732 φαίνω-

820 1754 892 1781 μεν
947 1739 1193 1780 ἀθάνατον,
1257 1749 1332 1770 cum
1382 1747 1459 1771 ann.

821 1798 927 1830 marg.
955 1785 975 1818 ἑὶ
1003 1789 1137 1828 φαμὲν
1163 1784 1207 1818 τὸ
1234 1781 1458 1824 μὲνοῖθάνα-

820 1846 889 1866 τοι.
947 1833 1114 1866 Nimirum
1157 1842 1198 1864 ex
1235 1831 1286 1864 his
1329 1830 1458 1871 liquido

821 1884 985 1922 apparet
1024 1879 1114 1910 istud
1142 1889 1317 1918 φαιιωμει
1341 1886 1459 1909 errore

822 1932 932 1958 ortum
976 1936 1053 1957 esse
1088 1935 1128 1955 ex
1164 1935 1274 1964 φαμεν
1308 1920 1351 1954 τὸ
1394 1921 1459 1964 μὲν

822 1968 882 2002 ἅθ’.
909 1990 949 1994 —-
988 1968 1033 2001 τὰ
1057 1981 1149 2010 τρια
1176 1968 1220 2000 τὰ
1246 1970 1350 2008 μέσα
1377 1968 1459 1999 τῶν

824 2029 896 2049 πει
904 2028 966 2053 τα
993 2017 1076 2047 tria
1102 2016 1176 2047 iiia
1206 2016 1351 2056 quinis
1379 2024 1458 2046 me-

824 2063 893 2095 dia
934 2062 1194 2101 interiecta,
1233 2062 1366 2092 scilicet
1402 2070 1460 2092 ae-

823 2108 990 2147 thereum,
1007 2109 1135 2140 aerium
1157 2112 1190 2139 et
1209 2108 1375 2148 aquatile.
1392 2106 1462 2138 lta-

823 2165 889 2196 que
930 2156 1082 2195 ineptnm
1114 2155 1289 2195 glossema
1331 2157 1384 2184 est
1424 2149 1462 2183 τά

824 2198 947 2241 μεταξὺ
980 2198 1129 2237 τούτων,
1161 2200 1250 2241 quod
1277 2199 1371 2231 uncis
1398 2208 1461 2230 no-

821 2247 960 2279 tandum
991 2247 1163 2278 duximus.
1191 2264 1230 2269 —
1271 2242 1370 2276 κατὰ
1397 2242 1461 2275 δό-

821 2294 898 2334 ξαν
925 2290 996 2334 τὴν
1021 2291 1205 2333 ἐπιεικῆ,
1237 2297 1273 2323 nt
1299 2292 1402 2323 Plato
1428 2291 1460 2322 in

822 2340 966 2371 Timaeo
993 2339 1087 2378 fecit,
1113 2339 1142 2369 in
1170 2348 1238 2378 quo
1266 2338 1350 2369 iibro
1371 2346 1460 2377 quae

822 2385 865 2418 de
898 2385 1050 2426 physicis
1086 2386 1263 2426 exposuit,
1307 2394 1347 2415 ea
1385 2386 1459 2414 sta-

822 2432 882 2463 tim
911 2432 953 2462 ab
999 2431 1096 2461 initio
1133 2430 1302 2465 siqnificat
1337 2439 1460 2461 secun-

824 2478 902 2509 dum
939 2477 1134 2518 opinionem
1169 2485 1240 2507 non·
1266 2475 1461 2508 secundum

821 2523 985 2556 scientiae
1018 2522 1218 2555 veritatem.
1252 2522 1459 2562 explicatum

822 2570 874 2601 iri.
924 2568 1008 2601 Nam
1043 2568 1178 2609 ineptus
1211 2567 1271 2599 fuit
1302 2568 1359 2608 qui
1392 2569 1459 2600 ista

822 2615 953 2647 Timaei
979 2614 1077 2645 amer
1098 2614 1353 2654 interpretanda
1381 2625 1459 2647 esse

822 2661 970 2700 censuit,
998 2670 1063 2691 non
1090 2659 1192 2693 modo
1219 2661 1329 2702 pravis
1355 2671 1457 2701 argu—

822 2708 879 2739 tiis
911 2716 992 2738 usus
1017 2705 1090 2748 ille,
1123 2707 1184 2738 aed
1223 2707 1324 2739 etiam
1349 2707 1456 2747 turpi-

823 2754 884 2784 bus
912 2752 1098 2785 calumniis.
