<?xml version="1.0" encoding="UTF-8"?>
<!DOCTYPE html PUBLIC "-//W3C//DTD XHTML 1.0 Transitional//EN"
    "http://www.w3.org/TR/xhtml1/DTD/xhtml1-transitional.dtd">
<html xmlns="http://www.w3.org/1999/xhtml" xml:lang="en" lang="en">
 <head>
  <title>
</title>
<meta http-equiv="Content-Type" content="text/html;charset=utf-8" />
  <meta name='ocr-system' content='tesseract 3.04.00' />
  <meta name='ocr-capabilities' content='ocr_page ocr_carea ocr_par ocr_line ocrx_word'/>
</head>
<body>
  <div class='ocr_page' id='page_1' title='image "./n3operaomniarecens10platuoft/n3operaomniarecens10platuoft_0161.png"; bbox 0 0 1781 2971; ppageno 0'>
   <div class='ocr_carea' id='block_1_1' title="bbox 33 107 1430 946">
    <p class='ocr_par' dir='ltr' id='par_1_1' title="bbox 75 107 1430 617">
     <span class='ocr_line' id='line_1_1' title="bbox 215 107 1427 151; baseline -0.002 -2"><span class='ocrx_word' id='word_1_1' title='bbox 215 109 296 150; x_wconf 74' lang='lat' dir='ltr'>DE</span> <span class='ocrx_word' id='word_1_2' title='bbox 331 107 605 151; x_wconf 75' lang='lat' dir='ltr'>LEGIBUS</span> <span class='ocrx_word' id='word_1_3' title='bbox 639 107 757 150; x_wconf 84' lang='lat' dir='ltr'>LIB.</span> <span class='ocrx_word' id='word_1_4' title='bbox 792 107 848 148; x_wconf 86' lang='lat' dir='ltr'>X.</span> <span class='ocrx_word' id='word_1_5' title='bbox 885 108 931 150; x_wconf 87' lang='lat' dir='ltr'>P.</span> <span class='ocrx_word' id='word_1_6' title='bbox 966 109 1058 151; x_wconf 72' lang='lat'>801.</span> <span class='ocrx_word' id='word_1_7' title='bbox 1093 108 1188 148; x_wconf 67' lang='lat'>892.</span> <span class='ocrx_word' id='word_1_8' title='bbox 1224 107 1286 149; x_wconf 83' lang='lat' dir='ltr'>St.</span> <span class='ocrx_word' id='word_1_9' title='bbox 1354 109 1427 148; x_wconf 69' lang='lat'>157</span> 
     </span>
     <span class='ocr_line' id='line_1_2' title="bbox 78 223 1426 279; baseline -0.003 -9"><span class='ocrx_word' id='word_1_10' title='bbox 78 233 300 279; x_wconf 73' lang='grc' dir='ltr'><em>γενέσεως,</em></span> <span class='ocrx_word' id='word_1_11' title='bbox 349 224 406 275; x_wconf 74' lang='grc' dir='ltr'>ὡς</span> <span class='ocrx_word' id='word_1_12' title='bbox 453 231 497 267; x_wconf 80' lang='grc' dir='ltr'>ἐν</span> <span class='ocrx_word' id='word_1_13' title='bbox 543 224 735 279; x_wconf 74' lang='grc' dir='ltr'><em>πρώτοις</em></span> <span class='ocrx_word' id='word_1_14' title='bbox 781 228 869 268; x_wconf 69' lang='grc' dir='ltr'><em>ἐστὶ</em></span> <span class='ocrx_word' id='word_1_15' title='bbox 916 223 1131 279; x_wconf 79' lang='grc' dir='ltr'><em>σωμάτων</em></span> <span class='ocrx_word' id='word_1_16' title='bbox 1169 228 1426 279; x_wconf 70' lang='grc' dir='ltr'><em>ἔμπροσθεν</em></span> 
     </span>
     <span class='ocr_line' id='line_1_3' title="bbox 77 290 1427 348; baseline -0.001 -13"><span class='ocrx_word' id='word_1_17' title='bbox 77 294 258 335; x_wconf 78' lang='grc' dir='ltr'><em>πάντων</em></span> <span class='ocrx_word' id='word_1_18' title='bbox 297 300 528 348; x_wconf 73' lang='grc' dir='ltr'><em>γενομένη,</em></span> <span class='ocrx_word' id='word_1_19' title='bbox 574 296 644 334; x_wconf 71' lang='grc' dir='ltr'><em>καὶ</em></span> <span class='ocrx_word' id='word_1_20' title='bbox 681 293 932 346; x_wconf 72' lang='grc' dir='ltr'><em>μεταβολῆς</em></span> <span class='ocrx_word' id='word_1_21' title='bbox 979 308 1022 334; x_wconf 88' lang='grc' dir='ltr'><em>τε</em></span> <span class='ocrx_word' id='word_1_22' title='bbox 1058 290 1208 333; x_wconf 77' lang='grc' dir='ltr'><em>αὐτῶν</em></span> <span class='ocrx_word' id='word_1_23' title='bbox 1245 295 1314 333; x_wconf 69' lang='grc' dir='ltr'><em>καὶ</em></span> <span class='ocrx_word' id='word_1_24' title='bbox 1352 308 1427 344; x_wconf 82' lang='grc' dir='ltr'>με·</span> 
     </span>
     <span class='ocr_line' id='line_1_4' title="bbox 79 357 1425 415; baseline -0.001 -13"><span class='ocrx_word' id='word_1_25' title='bbox 79 360 389 415; x_wconf 75' lang='grc' dir='ltr'><em>τακοσμήσεως</em></span> <span class='ocrx_word' id='word_1_26' title='bbox 434 357 612 411; x_wconf 75' lang='grc' dir='ltr'><em>ἀπάσης</em></span> <span class='ocrx_word' id='word_1_27' title='bbox 657 358 782 415; x_wconf 80' lang='grc' dir='ltr'><em>ἄρχει</em></span> <span class='ocrx_word' id='word_1_28' title='bbox 837 357 1006 408; x_wconf 79' lang='grc' dir='ltr'><em>παντὸς</em></span> <span class='ocrx_word' id='word_1_29' title='bbox 1054 361 1240 412; x_wconf 78' lang='grc' dir='ltr'>μᾶλλον.</span> <span class='ocrx_word' id='word_1_30' title='bbox 1298 362 1333 400; x_wconf 67' lang='grc' dir='ltr'>εἰ</span> <span class='ocrx_word' id='word_1_31' title='bbox 1380 360 1425 401; x_wconf 73' lang='grc' dir='ltr'>δὲ</span> 
     </span>
     <span class='ocr_line' id='line_1_5' title="bbox 76 418 1430 483; baseline -0.003 -13"><span class='ocrx_word' id='word_1_32' title='bbox 76 433 163 470; x_wconf 78' lang='grc' dir='ltr'><em>ἔστι</em></span> <span class='ocrx_word' id='word_1_33' title='bbox 215 429 359 471; x_wconf 82' lang='grc' dir='ltr'><em>ταῦτα</em></span> <span class='ocrx_word' id='word_1_34' title='bbox 407 424 570 475; x_wconf 71' lang='grc' dir='ltr'><em>οὕτως,</em></span> <span class='ocrx_word' id='word_1_35' title='bbox 618 418 692 479; x_wconf 80' lang='grc' dir='ltr'><em>ἆρ’</em></span> <span class='ocrx_word' id='word_1_36' title='bbox 743 425 823 469; x_wconf 82' lang='grc' dir='ltr'>οὐκ</span> <span class='ocrx_word' id='word_1_37' title='bbox 869 426 912 478; x_wconf 76' lang='grc' dir='ltr'>ἐξ</span> <span class='ocrx_word' id='word_1_38' title='bbox 944 425 1144 479; x_wconf 77' lang='grc' dir='ltr'><em>ἀνάγκης</em></span> <span class='ocrx_word' id='word_1_39' title='bbox 1189 424 1241 466; x_wconf 78' lang='grc' dir='ltr'>τα</span> <span class='ocrx_word' id='word_1_40' title='bbox 1284 428 1430 483; x_wconf 85' lang='grc' dir='ltr'><strong><em>ψυχῆς</em></strong></span> 
     </span>
     <span class='ocr_line' id='line_1_6' title="bbox 75 490 1427 550; baseline -0.002 -13"><span class='ocrx_word' id='word_1_41' title='bbox 75 496 260 548; x_wconf 71' lang='grc' dir='ltr'><em>συγγενῆ</em></span> <span class='ocrx_word' id='word_1_42' title='bbox 299 491 495 550; x_wconf 81' lang='grc' dir='ltr'><em>πρότερα</em></span> <span class='ocrx_word' id='word_1_43' title='bbox 531 491 589 534; x_wconf 76' lang='grc' dir='ltr'>ἂν</span> <span class='ocrx_word' id='word_1_44' title='bbox 625 493 690 545; x_wconf 75' lang='grc' dir='ltr'>εἴη</span> <span class='ocrx_word' id='word_1_45' title='bbox 728 494 944 548; x_wconf 73' lang='grc' dir='ltr'><em>γεγονότα</em></span> <span class='ocrx_word' id='word_1_46' title='bbox 983 494 1071 534; x_wconf 75' lang='grc' dir='ltr'><em>τῶν</em></span> <span class='ocrx_word' id='word_1_47' title='bbox 1105 490 1272 543; x_wconf 77' lang='grc' dir='ltr'><em>σώματι</em></span> <span class='ocrx_word' id='word_1_48' title='bbox 1297 509 1427 547; x_wconf 74' lang='grc' dir='ltr'><em>προς·-</em></span> 
     </span>
     <span class='ocr_line' id='line_1_7' title="bbox 79 556 1326 617; baseline -0.002 -14"><span class='ocrx_word' id='word_1_49' title='bbox 79 562 296 614; x_wconf 83' lang='grc' dir='ltr'><em>ηκοντων,</em></span> <span class='ocrx_word' id='word_1_50' title='bbox 330 558 464 612; x_wconf 79' lang='grc' dir='ltr'><em>οὔσης</em></span> <span class='ocrx_word' id='word_1_51' title='bbox 502 560 665 612; x_wconf 81' lang='grc' dir='ltr'><em>ταύτης</em></span> <span class='ocrx_word' id='word_1_52' title='bbox 702 563 998 617; x_wconf 74' lang='grc' dir='ltr'><em>πρεσβυτέρας</em></span> <span class='ocrx_word' id='word_1_53' title='bbox 1034 556 1059 610; x_wconf 81' lang='grc' dir='ltr'><em>ἢ</em></span> <span class='ocrx_word' id='word_1_54' title='bbox 1097 559 1326 612; x_wconf 71' lang='grc' dir='ltr'><em>σιάματοςς</em></span> 
     </span>
    </p>

    <p class='ocr_par' dir='ltr' id='par_1_2' title="bbox 183 627 559 681">
     <span class='ocr_line' id='line_1_8' title="bbox 183 627 559 681; baseline -0.005 -11"><span class='ocrx_word' id='word_1_55' title='bbox 183 629 285 671; x_wconf 84' lang='grc' dir='ltr'>ΚΛ.</span> <span class='ocrx_word' id='word_1_56' title='bbox 351 627 559 681; x_wconf 73' lang='grc' dir='ltr'>Ἀνάγκη.</span> 
     </span>
    </p>

    <p class='ocr_par' dir='ltr' id='par_1_3' title="bbox 33 691 1426 946">
     <span class='ocr_line' id='line_1_9' title="bbox 184 691 1426 747; baseline -0.004 -9"><span class='ocrx_word' id='word_1_57' title='bbox 184 697 276 738; x_wconf 77' lang='grc' dir='ltr'>ΑΘ.</span> <span class='ocrx_word' id='word_1_58' title='bbox 347 694 462 745; x_wconf 78' lang='grc' dir='ltr'><em>Δόξα</em></span> <span class='ocrx_word' id='word_1_59' title='bbox 501 693 553 744; x_wconf 76' lang='grc' dir='ltr'>δὴ</span> <span class='ocrx_word' id='word_1_60' title='bbox 592 697 662 735; x_wconf 76' lang='grc' dir='ltr'><em>καὶ</em></span> <span class='ocrx_word' id='word_1_61' title='bbox 699 695 918 747; x_wconf 76' lang='grc' dir='ltr'><em>ἐπιμέλεια</em></span> <span class='ocrx_word' id='word_1_62' title='bbox 951 694 1022 733; x_wconf 68' lang='grc' dir='ltr'><em>καὶ</em></span> <span class='ocrx_word' id='word_1_63' title='bbox 1062 691 1166 740; x_wconf 83' lang='grc' dir='ltr'><strong><em>νοῦς</em></strong></span> <span class='ocrx_word' id='word_1_64' title='bbox 1202 696 1274 733; x_wconf 73' lang='grc' dir='ltr'><em>καὶ</em></span> <span class='ocrx_word' id='word_1_65' title='bbox 1303 697 1426 747; x_wconf 71' lang='grc' dir='ltr'><em>τέχνη</em></span> 
     </span>
     <span class='ocr_line' id='line_1_10' title="bbox 33 760 1425 816; baseline -0.002 -12"><span class='ocrx_word' id='word_1_66' title='bbox 33 765 146 815; x_wconf 53' lang='grc' dir='ltr'><em>,καὶ</em></span> <span class='ocrx_word' id='word_1_67' title='bbox 193 762 330 816; x_wconf 82' lang='grc' dir='ltr'><em>νόμος</em></span> <span class='ocrx_word' id='word_1_68' title='bbox 376 761 577 816; x_wconf 77' lang='grc' dir='ltr'><em>σκληρῶν</em></span> <span class='ocrx_word' id='word_1_69' title='bbox 624 764 697 801; x_wconf 83' lang='grc' dir='ltr'><em>καὶ</em></span> <span class='ocrx_word' id='word_1_70' title='bbox 745 760 959 814; x_wconf 81' lang='grc' dir='ltr'><em>μαλακῶν</em></span> <span class='ocrx_word' id='word_1_71' title='bbox 1006 760 1078 800; x_wconf 77' lang='grc' dir='ltr'><em>καὶ</em></span> <span class='ocrx_word' id='word_1_72' title='bbox 1130 760 1305 813; x_wconf 77' lang='grc' dir='ltr'><em>βαρέων</em></span> <span class='ocrx_word' id='word_1_73' title='bbox 1353 761 1425 801; x_wconf 81' lang='grc' dir='ltr'><em>καὶ</em></span> 
     </span>
     <span class='ocr_line' id='line_1_11' title="bbox 748 823 1424 878; baseline 0 -10"><span class='ocrx_word' id='word_1_74' title='bbox 748 830 819 869; x_wconf 79' lang='grc' dir='ltr'><em>καὶ</em></span> <span class='ocrx_word' id='word_1_75' title='bbox 856 825 907 878; x_wconf 80' lang='grc' dir='ltr'>δὴ</span> <span class='ocrx_word' id='word_1_76' title='bbox 945 827 1014 867; x_wconf 72' lang='grc' dir='ltr'><em>καὶ</em></span> <span class='ocrx_word' id='word_1_77' title='bbox 1054 823 1107 866; x_wconf 77' lang='grc' dir='ltr'><em>τὰ</em></span> <span class='ocrx_word' id='word_1_78' title='bbox 1145 826 1316 878; x_wconf 74' lang='grc' dir='ltr'><em>μεγάλα</em></span> <span class='ocrx_word' id='word_1_79' title='bbox 1352 829 1424 868; x_wconf 77' lang='grc' dir='ltr'><em>καὶ</em></span> 
     </span>
     <span class='ocr_line' id='line_1_12' title="bbox 972 890 1424 946; baseline 0.004 -13"><span class='ocrx_word' id='word_1_80' title='bbox 972 890 1030 934; x_wconf 79' lang='grc' dir='ltr'>ἂν</span> <span class='ocrx_word' id='word_1_81' title='bbox 1068 895 1275 946; x_wconf 68' lang='grc' dir='ltr'><em>γίγνοιτο,</em></span> <span class='ocrx_word' id='word_1_82' title='bbox 1313 891 1424 935; x_wconf 86' lang='grc' dir='ltr'><em>ὄντα</em></span> 
     </span>
    </p>
   </div>
   <div class='ocr_carea' id='block_1_2' title="bbox 73 823 1428 1084">
    <p class='ocr_par' dir='ltr' id='par_1_4' title="bbox 73 823 1428 1084">
     <span class='ocr_line' id='line_1_13' title="bbox 75 823 709 885; baseline -0.008 -13"><span class='ocrx_word' id='word_1_83' title='bbox 75 828 254 885; x_wconf 71' lang='grc' dir='ltr'><em>κούφων</em></span> <span class='ocrx_word' id='word_1_84' title='bbox 295 826 488 883; x_wconf 82' lang='grc' dir='ltr'><em>πρότερα</em></span> <span class='ocrx_word' id='word_1_85' title='bbox 525 823 583 868; x_wconf 73' lang='grc' dir='ltr'>ἄν</span> <span class='ocrx_word' id='word_1_86' title='bbox 622 826 709 878; x_wconf 73' lang='grc' dir='ltr'>εἴη·</span> 
     </span>
     <span class='ocr_line' id='line_1_14' title="bbox 75 892 928 950; baseline -0.002 -13"><span class='ocrx_word' id='word_1_87' title='bbox 75 896 228 950; x_wconf 78' lang='grc' dir='ltr'><em>πρῶτα</em></span> <span class='ocrx_word' id='word_1_88' title='bbox 277 897 382 950; x_wconf 71' lang='grc' dir='ltr'><em>ἔργα</em></span> <span class='ocrx_word' id='word_1_89' title='bbox 435 896 506 935; x_wconf 77' lang='grc' dir='ltr'><em>καὶ</em></span> <span class='ocrx_word' id='word_1_90' title='bbox 554 892 733 947; x_wconf 74' lang='grc' dir='ltr'><em>προέξεις</em></span> <span class='ocrx_word' id='word_1_91' title='bbox 778 898 928 950; x_wconf 80' lang='grc' dir='ltr'><em>τέχνης</em></span> 
     </span>
     <span class='ocr_line' id='line_1_15' title="bbox 74 957 1428 1019; baseline -0.003 -14"><span class='ocrx_word' id='word_1_92' title='bbox 74 971 119 1005; x_wconf 76' lang='grc' dir='ltr'>ἐν</span> <span class='ocrx_word' id='word_1_93' title='bbox 155 961 367 1018; x_wconf 75' lang='grc' dir='ltr'><em>πρώτοις,</em></span> <span class='ocrx_word' id='word_1_94' title='bbox 405 961 458 1003; x_wconf 79' lang='grc' dir='ltr'>τα</span> <span class='ocrx_word' id='word_1_95' title='bbox 498 963 541 1003; x_wconf 78' lang='grc' dir='ltr'>δὲ</span> <span class='ocrx_word' id='word_1_96' title='bbox 580 961 710 1016; x_wconf 73' lang='grc' dir='ltr'><em>ᾳύσει</em></span> <span class='ocrx_word' id='word_1_97' title='bbox 746 965 819 1003; x_wconf 75' lang='grc' dir='ltr'><em>καὶ</em></span> <span class='ocrx_word' id='word_1_98' title='bbox 856 959 1010 1019; x_wconf 73' lang='grc' dir='ltr'><em>φύσις,</em></span> <span class='ocrx_word' id='word_1_99' title='bbox 1059 957 1115 1011; x_wconf 77' lang='grc' dir='ltr'>ἣν</span> <span class='ocrx_word' id='word_1_100' title='bbox 1152 959 1233 1003; x_wconf 84' lang='grc' dir='ltr'>οὐκ</span> <span class='ocrx_word' id='word_1_101' title='bbox 1270 958 1428 1015; x_wconf 72' lang='grc' dir='ltr'><em>ὀρθῶς·</em></span> 
     </span>
     <span class='ocr_line' id='line_1_16' title="bbox 73 1024 1427 1084; baseline -0.001 -13"><span class='ocrx_word' id='word_1_102' title='bbox 73 1028 424 1082; x_wconf 79' lang='grc' dir='ltr'>ἐπονομάζουσιν</span> <span class='ocrx_word' id='word_1_103' title='bbox 460 1026 571 1070; x_wconf 85' lang='grc' dir='ltr'><em>αὐτὸ</em></span> <span class='ocrx_word' id='word_1_104' title='bbox 614 1029 760 1078; x_wconf 86' lang='grc' dir='ltr'><em>τοῦτο,</em></span> <span class='ocrx_word' id='word_1_105' title='bbox 795 1026 957 1084; x_wconf 77' lang='grc' dir='ltr'><em>ὕστερα</em></span> <span class='ocrx_word' id='word_1_106' title='bbox 996 1030 1067 1068; x_wconf 68' lang='grc' dir='ltr'><em>καὶ</em></span> <span class='ocrx_word' id='word_1_107' title='bbox 1105 1024 1330 1082; x_wconf 81' lang='grc' dir='ltr'><em>ἀρχόμενα</em></span> <span class='ocrx_word' id='word_1_108' title='bbox 1367 1025 1427 1069; x_wconf 73' lang='grc' dir='ltr'>ἄν</span> 
     </span>
    </p>
   </div>
   <div class='ocr_carea' id='block_1_3' title="bbox 73 1096 642 1151">
    <p class='ocr_par' dir='ltr' id='par_1_5' title="bbox 73 1096 642 1151">
     <span class='ocr_line' id='line_1_17' title="bbox 73 1096 642 1151; baseline -0.002 -13"><span class='ocrx_word' id='word_1_109' title='bbox 73 1102 118 1138; x_wconf 76' lang='grc' dir='ltr'>ἐκ</span> <span class='ocrx_word' id='word_1_110' title='bbox 154 1102 305 1151; x_wconf 76' lang='grc' dir='ltr'><em>τέχνης</em></span> <span class='ocrx_word' id='word_1_111' title='bbox 341 1096 405 1147; x_wconf 80' lang='grc' dir='ltr'>εἴη</span> <span class='ocrx_word' id='word_1_112' title='bbox 439 1099 511 1138; x_wconf 74' lang='grc' dir='ltr'><em>καὶ</em></span> <span class='ocrx_word' id='word_1_113' title='bbox 550 1096 642 1138; x_wconf 85' lang='grc' dir='ltr'>νοῦ.</span> 
     </span>
    </p>
   </div>
   <div class='ocr_carea' id='block_1_4' title="bbox 164 1222 1105 1267">
    <p class='ocr_par' dir='ltr' id='par_1_6' title="bbox 164 1222 1105 1267">
     <span class='ocr_line' id='line_1_18' title="bbox 164 1222 1105 1267; baseline -0.001 -10"><span class='ocrx_word' id='word_1_114' title='bbox 164 1222 286 1257; x_wconf 83' lang='grc' dir='ltr'><em>εἶναι</em></span> <span class='ocrx_word' id='word_1_115' title='bbox 312 1224 508 1267; x_wconf 77' lang='grc' dir='ltr'>γεγονὸς]</span> <span class='ocrx_word' id='word_1_116' title='bbox 538 1224 573 1256; x_wconf 81' lang='lat' dir='ltr'>in</span> <span class='ocrx_word' id='word_1_117' title='bbox 602 1225 705 1259; x_wconf 83' lang='lat' dir='ltr'>Voss</span> <span class='ocrx_word' id='word_1_118' title='bbox 733 1236 765 1258; x_wconf 94' lang='grc' dir='ltr'>Χ.</span> <span class='ocrx_word' id='word_1_119' title='bbox 798 1229 834 1258; x_wconf 75' lang='grc' dir='ltr'>Α.</span> <span class='ocrx_word' id='word_1_120' title='bbox 862 1227 896 1258; x_wconf 90' lang='lat' dir='ltr'>h.</span> <span class='ocrx_word' id='word_1_121' title='bbox 924 1222 1010 1257; x_wconf 75' lang='grc' dir='ltr'><em>εἶναι</em></span> <span class='ocrx_word' id='word_1_122' title='bbox 1037 1235 1105 1257; x_wconf 89' lang='lat' dir='ltr'>om.</span> 
     </span>
    </p>
   </div>
   <div class='ocr_carea' id='block_1_5' title="bbox 167 1269 1062 1314">
    <p class='ocr_par' dir='ltr' id='par_1_7' title="bbox 167 1269 1062 1314">
     <span class='ocr_line' id='line_1_19' title="bbox 167 1269 1062 1314; baseline -0.001 -11"><span class='ocrx_word' id='word_1_123' title='bbox 167 1269 186 1303; x_wconf 83' lang='grc' dir='ltr'>ὃ</span> <span class='ocrx_word' id='word_1_124' title='bbox 221 1270 264 1302; x_wconf 84' lang='grc' dir='ltr'>δὲ</span> <span class='ocrx_word' id='word_1_125' title='bbox 298 1270 488 1312; x_wconf 79' lang='grc' dir='ltr'><em>ὕστερον</em></span> <span class='ocrx_word' id='word_1_126' title='bbox 523 1271 610 1312; x_wconf 75' lang='grc' dir='ltr'>πρ.]</span> <span class='ocrx_word' id='word_1_127' title='bbox 645 1270 684 1314; x_wconf 79' lang='grc' dir='ltr'><em>δὴ</em></span> <span class='ocrx_word' id='word_1_128' title='bbox 720 1272 993 1307; x_wconf 81' lang='lat' dir='ltr'>Ric.h.F101-.</span> <span class='ocrx_word' id='word_1_129' title='bbox 1032 1270 1062 1303; x_wconf 84' lang='grc' dir='ltr'>ὅ.</span> 
     </span>
    </p>
   </div>
   <div class='ocr_carea' id='block_1_6' title="bbox 1095 1270 1425 1313">
    <p class='ocr_par' dir='ltr' id='par_1_8' title="bbox 1095 1270 1425 1313">
     <span class='ocr_line' id='line_1_20' title="bbox 1095 1270 1425 1313; baseline -0.003 -11"><span class='ocrx_word' id='word_1_130' title='bbox 1095 1271 1188 1313; x_wconf 91' lang='lat' dir='ltr'>quod</span> <span class='ocrx_word' id='word_1_131' title='bbox 1223 1270 1425 1302; x_wconf 77' lang='lat' dir='ltr'>Turieenss.</span> 
     </span>
    </p>
   </div>
   <div class='ocr_carea' id='block_1_7' title="bbox 74 1317 806 1359">
    <p class='ocr_par' dir='ltr' id='par_1_9' title="bbox 74 1317 806 1359">
     <span class='ocr_line' id='line_1_21' title="bbox 74 1317 806 1359; baseline 0.001 -10"><span class='ocrx_word' id='word_1_132' title='bbox 74 1324 212 1359; x_wconf 84' lang='lat' dir='ltr'>praeter</span> <span class='ocrx_word' id='word_1_133' title='bbox 237 1322 366 1351; x_wconf 82' lang='lat' dir='ltr'>rectam</span> <span class='ocrx_word' id='word_1_134' title='bbox 391 1317 562 1349; x_wconf 86' lang='lat' dir='ltr'>rationem</span> <span class='ocrx_word' id='word_1_135' title='bbox 588 1319 806 1359; x_wconf 84' lang='lat' dir='ltr'>evulgarunt.</span> 
     </span>
    </p>
   </div>
   <div class='ocr_carea' id='block_1_8' title="bbox 169 1363 309 1397">
    <p class='ocr_par' dir='ltr' id='par_1_10' title="bbox 169 1363 309 1397">
     <span class='ocr_line' id='line_1_22' title="bbox 169 1363 309 1397; baseline 0.015 -2"><span class='ocrx_word' id='word_1_136' title='bbox 169 1365 205 1395; x_wconf 87' lang='grc' dir='ltr'>Ρ.</span> <span class='ocrx_word' id='word_1_137' title='bbox 232 1363 309 1397; x_wconf 78' lang='lat'>892.</span> 
     </span>
    </p>
   </div>
   <div class='ocr_carea' id='block_1_9' title="bbox 75 1455 320 1498">
    <p class='ocr_par' dir='ltr' id='par_1_11' title="bbox 75 1455 320 1498">
     <span class='ocr_line' id='line_1_23' title="bbox 75 1455 320 1498; baseline 0 -11"><span class='ocrx_word' id='word_1_138' title='bbox 75 1465 176 1487; x_wconf 83' lang='grc' dir='ltr'><em>σιατα</em></span> <span class='ocrx_word' id='word_1_139' title='bbox 204 1455 320 1498; x_wconf 75' lang='grc' dir='ltr'>λέγεις.</span> 
     </span>
    </p>
   </div>
   <div class='ocr_carea' id='block_1_10' title="bbox 73 1357 1425 1452">
    <p class='ocr_par' dir='ltr' id='par_1_12' title="bbox 73 1357 1425 1452">
     <span class='ocr_line' id='line_1_24' title="bbox 367 1357 1425 1406; baseline -0.003 -11"><span class='ocrx_word' id='word_1_140' title='bbox 367 1361 526 1405; x_wconf 80' lang='grc' dir='ltr'><em>Ψυχήν.</em></span> <span class='ocrx_word' id='word_1_141' title='bbox 553 1357 579 1394; x_wconf 82' lang='grc' dir='ltr'><em>ὦ</em></span> <span class='ocrx_word' id='word_1_142' title='bbox 605 1363 766 1405; x_wconf 85' lang='grc' dir='ltr'><em>ἑταῖρε,</em></span> <span class='ocrx_word' id='word_1_143' title='bbox 799 1361 885 1406; x_wconf 69' lang='grc' dir='ltr'>ἦγν.</span> <span class='ocrx_word' id='word_1_144' title='bbox 895 1364 909 1405; x_wconf 95' lang='grc'>]</span> <span class='ocrx_word' id='word_1_145' title='bbox 936 1363 1195 1404; x_wconf 83' lang='lat' dir='ltr'>Transscripsit</span> <span class='ocrx_word' id='word_1_146' title='bbox 1222 1363 1336 1394; x_wconf 82' lang='lat' dir='ltr'>locum</span> <span class='ocrx_word' id='word_1_147' title='bbox 1354 1361 1425 1392; x_wconf 85' lang='lat' dir='ltr'>Eu-</span> 
     </span>
     <span class='ocr_line' id='line_1_25' title="bbox 73 1409 854 1452; baseline -0.001 -10"><span class='ocrx_word' id='word_1_148' title='bbox 73 1410 145 1442; x_wconf 80' lang='lat' dir='ltr'>seb.</span> <span class='ocrx_word' id='word_1_149' title='bbox 181 1412 305 1451; x_wconf 82' lang='lat' dir='ltr'>Praep.</span> <span class='ocrx_word' id='word_1_150' title='bbox 338 1410 475 1451; x_wconf 86' lang='lat' dir='ltr'><strong>Evang</strong></span> <span class='ocrx_word' id='word_1_151' title='bbox 507 1409 593 1441; x_wconf 86' lang='lat' dir='ltr'>XII.</span> <span class='ocrx_word' id='word_1_152' title='bbox 626 1411 684 1445; x_wconf 86' lang='lat'>50.</span> <span class='ocrx_word' id='word_1_153' title='bbox 716 1421 749 1452; x_wconf 89' lang='lat' dir='ltr'>p.</span> <span class='ocrx_word' id='word_1_154' title='bbox 777 1410 854 1445; x_wconf 75' lang='grc'><strong>623.</strong></span> 
     </span>
    </p>
   </div>
   <div class='ocr_carea' id='block_1_11' title="bbox 891 1404 1423 1451">
    <p class='ocr_par' dir='ltr' id='par_1_13' title="bbox 891 1404 1423 1451">
     <span class='ocr_line' id='line_1_26' title="bbox 891 1404 1423 1451; baseline -0.006 -10"><span class='ocrx_word' id='word_1_155' title='bbox 891 1414 929 1444; x_wconf 86' lang='grc' dir='ltr'>Λ.</span> <span class='ocrx_word' id='word_1_156' title='bbox 956 1421 1030 1451; x_wconf 88' lang='lat' dir='ltr'>sqq.</span> <span class='ocrx_word' id='word_1_157' title='bbox 1079 1418 1190 1450; x_wconf 88' lang='lat' dir='ltr'>usque</span> <span class='ocrx_word' id='word_1_158' title='bbox 1221 1408 1266 1440; x_wconf 76' lang='lat' dir='ltr'>ad</span> <span class='ocrx_word' id='word_1_159' title='bbox 1299 1404 1423 1448; x_wconf 71' lang='grc' dir='ltr'><em>ἀληθέ-</em></span> 
     </span>
    </p>
   </div>
   <div class='ocr_carea' id='block_1_12' title="bbox 164 1498 1424 1543">
    <p class='ocr_par' dir='ltr' id='par_1_14' title="bbox 164 1498 1424 1543">
     <span class='ocr_line' id='line_1_27' title="bbox 164 1498 1424 1543; baseline -0.002 -10"><span class='ocrx_word' id='word_1_160' title='bbox 164 1501 206 1533; x_wconf 89' lang='grc' dir='ltr'>Β.</span> <span class='ocrx_word' id='word_1_161' title='bbox 255 1500 300 1534; x_wconf 80' lang='grc' dir='ltr'><em>τὰ</em></span> <span class='ocrx_word' id='word_1_162' title='bbox 326 1499 367 1533; x_wconf 80' lang='grc' dir='ltr'>δὲ</span> <span class='ocrx_word' id='word_1_163' title='bbox 400 1499 526 1541; x_wconf 66' lang='grc' dir='ltr'><em>φύσει</em></span> <span class='ocrx_word' id='word_1_164' title='bbox 554 1502 618 1533; x_wconf 78' lang='grc' dir='ltr'><em>καὶ</em></span> <span class='ocrx_word' id='word_1_165' title='bbox 653 1499 802 1543; x_wconf 78' lang='grc' dir='ltr'><em>φύσις]</em></span> <span class='ocrx_word' id='word_1_166' title='bbox 830 1499 954 1543; x_wconf 80' lang='grc' dir='ltr'><em>φύσεις</em></span> <span class='ocrx_word' id='word_1_167' title='bbox 979 1511 1043 1543; x_wconf 87' lang='lat' dir='ltr'>pro</span> <span class='ocrx_word' id='word_1_168' title='bbox 1071 1498 1235 1541; x_wconf 81' lang='grc' dir='ltr'><em>φύσιςΑ.</em></span> <span class='ocrx_word' id='word_1_169' title='bbox 1263 1506 1295 1532; x_wconf 81' lang='lat' dir='ltr'>et</span> <span class='ocrx_word' id='word_1_170' title='bbox 1309 1510 1361 1541; x_wconf 87' lang='lat' dir='ltr'>pr.</span> <span class='ocrx_word' id='word_1_171' title='bbox 1387 1498 1424 1530; x_wconf 83' lang='grc' dir='ltr'>Ω.</span> 
     </span>
    </p>
   </div>
   <div class='ocr_carea' id='block_1_13' title="bbox 72 1548 232 1580">
    <p class='ocr_par' dir='ltr' id='par_1_15' title="bbox 72 1548 232 1580">
     <span class='ocr_line' id='line_1_28' title="bbox 72 1548 232 1580; baseline -0.007 0"><span class='ocrx_word' id='word_1_172' title='bbox 72 1557 103 1580; x_wconf 73' lang='lat' dir='ltr'>a.</span> <span class='ocrx_word' id='word_1_173' title='bbox 131 1548 232 1580; x_wconf 84' lang='lat' dir='ltr'>male.</span> 
     </span>
    </p>
   </div>
   <div class='ocr_carea' id='block_1_14' title="bbox 71 1636 719 2743">
    <p class='ocr_par' dir='ltr' id='par_1_16' title="bbox 71 1636 719 2640">
     <span class='ocr_line' id='line_1_29' title="bbox 73 1636 719 1682; baseline 0 -12"><span class='ocrx_word' id='word_1_174' title='bbox 73 1636 224 1682; x_wconf 73' lang='grc' dir='ltr'><em>ψυχὴν]</em></span> <span class='ocrx_word' id='word_1_175' title='bbox 252 1639 458 1680; x_wconf 82' lang='lat' dir='ltr'>Legendum</span> <span class='ocrx_word' id='word_1_176' title='bbox 484 1638 653 1671; x_wconf 84' lang='lat' dir='ltr'>arbitror.</span> <span class='ocrx_word' id='word_1_177' title='bbox 682 1637 719 1670; x_wconf 83' lang='grc' dir='ltr'>οἱ</span> 
     </span>
     <span class='ocr_line' id='line_1_30' title="bbox 74 1681 716 1740; baseline -0.002 -24"><span class='ocrx_word' id='word_1_178' title='bbox 74 1683 134 1740; x_wconf 58' lang='lat' dir='ltr'>rfpae</span> <span class='ocrx_word' id='word_1_179' title='bbox 172 1688 239 1716; x_wconf 83' lang='grc' dir='ltr'><em>τῶν</em></span> <span class='ocrx_word' id='word_1_180' title='bbox 273 1681 411 1725; x_wconf 78' lang='grc' dir='ltr'><em>ἅσεβτῦτ</em></span> <span class='ocrx_word' id='word_1_181' title='bbox 454 1681 566 1726; x_wconf 71' lang='grc' dir='ltr'><em>ἀσεβῆ</em></span> <span class='ocrx_word' id='word_1_182' title='bbox 602 1682 716 1726; x_wconf 77' lang='grc' dir='ltr'><em>ψυχὴν</em></span> 
     </span>
     <span class='ocr_line' id='line_1_31' title="bbox 74 1727 714 1786; baseline -0.002 -23"><span class='ocrx_word' id='word_1_183' title='bbox 74 1727 129 1763; x_wconf 76' lang='grc' dir='ltr'>ἀπ.</span> <span class='ocrx_word' id='word_1_184' title='bbox 156 1736 218 1763; x_wconf 83' lang='lat' dir='ltr'>aut</span> <span class='ocrx_word' id='word_1_185' title='bbox 243 1730 280 1762; x_wconf 87' lang='grc' dir='ltr'>οί</span> <span class='ocrx_word' id='word_1_186' title='bbox 303 1730 362 1786; x_wconf 83' lang='grc' dir='ltr'><em>τὴν</em></span> <span class='ocrx_word' id='word_1_187' title='bbox 389 1731 453 1762; x_wconf 80' lang='grc' dir='ltr'><em>τῶι</em></span> <span class='ocrx_word' id='word_1_188' title='bbox 472 1727 610 1771; x_wconf 78' lang='grc' dir='ltr'><em>ἀσεβῶν</em></span> <span class='ocrx_word' id='word_1_189' title='bbox 637 1727 714 1762; x_wconf 78' lang='grc' dir='ltr'><em>ἆσέ-</em></span> 
     </span>
     <span class='ocr_line' id='line_1_32' title="bbox 72 1773 715 1819; baseline 0 -11"><span class='ocrx_word' id='word_1_190' title='bbox 72 1778 171 1818; x_wconf 81' lang='grc' dir='ltr'><em>βειαν</em></span> <span class='ocrx_word' id='word_1_191' title='bbox 193 1777 311 1818; x_wconf 76' lang='grc' dir='ltr'><em>ψυχαῖν</em></span> <span class='ocrx_word' id='word_1_192' title='bbox 328 1773 615 1819; x_wconf 74' lang='grc' dir='ltr'><em>ἀπεργασάμενοι.</em></span> <span class='ocrx_word' id='word_1_193' title='bbox 637 1776 715 1815; x_wconf 81' lang='lat' dir='ltr'>Quo</span> 
     </span>
     <span class='ocr_line' id='line_1_33' title="bbox 71 1824 716 1856; baseline 0 -1"><span class='ocrx_word' id='word_1_194' title='bbox 71 1825 234 1856; x_wconf 82' lang='lat' dir='ltr'>restituto</span> <span class='ocrx_word' id='word_1_195' title='bbox 266 1824 376 1856; x_wconf 78' lang='lat' dir='ltr'>habes</span> <span class='ocrx_word' id='word_1_196' title='bbox 409 1825 557 1855; x_wconf 91' lang='lat' dir='ltr'>eundem</span> <span class='ocrx_word' id='word_1_197' title='bbox 590 1824 716 1855; x_wconf 86' lang='lat' dir='ltr'>verbo-</span> 
     </span>
     <span class='ocr_line' id='line_1_34' title="bbox 72 1869 714 1911; baseline 0 -10"><span class='ocrx_word' id='word_1_198' title='bbox 72 1881 147 1902; x_wconf 88' lang='lat' dir='ltr'>rum</span> <span class='ocrx_word' id='word_1_199' title='bbox 183 1870 360 1910; x_wconf 84' lang='lat' dir='ltr'>ordinem,</span> <span class='ocrx_word' id='word_1_200' title='bbox 413 1871 474 1911; x_wconf 90' lang='lat' dir='ltr'>qui</span> <span class='ocrx_word' id='word_1_201' title='bbox 514 1874 568 1901; x_wconf 86' lang='lat' dir='ltr'>est</span> <span class='ocrx_word' id='word_1_202' title='bbox 600 1869 714 1911; x_wconf 83' lang='lat' dir='ltr'>Legg.</span> 
     </span>
     <span class='ocr_line' id='line_1_35' title="bbox 71 1913 714 1957; baseline -0.002 -10"><span class='ocrx_word' id='word_1_203' title='bbox 71 1916 139 1950; x_wconf 91' lang='lat'>111.</span> <span class='ocrx_word' id='word_1_204' title='bbox 165 1925 199 1957; x_wconf 85' lang='lat' dir='ltr'>p.</span> <span class='ocrx_word' id='word_1_205' title='bbox 225 1916 303 1950; x_wconf 83' lang='lat'>700.</span> <span class='ocrx_word' id='word_1_206' title='bbox 331 1918 376 1947; x_wconf 83' lang='lat' dir='ltr'>A.</span> <span class='ocrx_word' id='word_1_207' title='bbox 402 1914 462 1957; x_wconf 73' lang='grc' dir='ltr'><em>τὴν</em></span> <span class='ocrx_word' id='word_1_208' title='bbox 487 1916 551 1947; x_wconf 86' lang='grc' dir='ltr'><em>τοῦ</em></span> <span class='ocrx_word' id='word_1_209' title='bbox 576 1913 714 1946; x_wconf 71' lang='grc' dir='ltr'><em>ἐλευθέ-</em></span> 
     </span>
     <span class='ocr_line' id='line_1_36' title="bbox 73 1960 714 2002; baseline 0.002 -9"><span class='ocrx_word' id='word_1_210' title='bbox 73 1973 139 2002; x_wconf 85' lang='grc' dir='ltr'><em>ρου</em></span> <span class='ocrx_word' id='word_1_211' title='bbox 170 1963 244 1993; x_wconf 75' lang='grc' dir='ltr'><em>λίαν</em></span> <span class='ocrx_word' id='word_1_212' title='bbox 279 1960 435 1993; x_wconf 78' lang='grc' dir='ltr'><em>ἐπίδοσιν</em></span> <span class='ocrx_word' id='word_1_213' title='bbox 472 1961 567 2001; x_wconf 87' lang='grc' dir='ltr'><em>βίου.</em></span> <span class='ocrx_word' id='word_1_214' title='bbox 616 1961 714 1994; x_wconf 88' lang='lat' dir='ltr'>Libr.</span> 
     </span>
     <span class='ocr_line' id='line_1_37' title="bbox 72 2005 716 2050; baseline 0 -11"><span class='ocrx_word' id='word_1_215' title='bbox 72 2008 120 2040; x_wconf 92' lang='lat'>11.</span> <span class='ocrx_word' id='word_1_216' title='bbox 150 2018 182 2050; x_wconf 86' lang='lat' dir='ltr'>p.</span> <span class='ocrx_word' id='word_1_217' title='bbox 201 2007 285 2042; x_wconf 81' lang='grc'><strong>657.</strong></span> <span class='ocrx_word' id='word_1_218' title='bbox 309 2009 354 2040; x_wconf 87' lang='grc' dir='ltr'>Α.</span> <span class='ocrx_word' id='word_1_219' title='bbox 382 2005 419 2040; x_wconf 86' lang='grc' dir='ltr'><em>τὰ</em></span> <span class='ocrx_word' id='word_1_220' title='bbox 447 2005 507 2038; x_wconf 84' lang='grc' dir='ltr'><em>τὸν</em></span> <span class='ocrx_word' id='word_1_221' title='bbox 533 2005 642 2038; x_wconf 74' lang='grc' dir='ltr'><em>πολτῖν</em></span> <span class='ocrx_word' id='word_1_222' title='bbox 661 2017 716 2039; x_wconf 86' lang='grc' dir='ltr'><em>σε·</em></span> 
     </span>
     <span class='ocr_line' id='line_1_38' title="bbox 72 2051 715 2095; baseline 0 -10"><span class='ocrx_word' id='word_1_223' title='bbox 72 2053 230 2092; x_wconf 75' lang='grc' dir='ltr'><em>σωομένα</em></span> <span class='ocrx_word' id='word_1_224' title='bbox 254 2051 383 2095; x_wconf 83' lang='grc' dir='ltr'><em>χρόνον</em></span> <span class='ocrx_word' id='word_1_225' title='bbox 410 2053 500 2095; x_wconf 72' lang='grc' dir='ltr'>μέλη.</span> <span class='ocrx_word' id='word_1_226' title='bbox 516 2053 613 2086; x_wconf 89' lang='lat' dir='ltr'>Libr.</span> <span class='ocrx_word' id='word_1_227' title='bbox 635 2053 715 2085; x_wconf 83' lang='lat' dir='ltr'>VIi.</span> 
     </span>
     <span class='ocr_line' id='line_1_39' title="bbox 71 2096 713 2142; baseline -0.003 -10"><span class='ocrx_word' id='word_1_228' title='bbox 71 2111 103 2142; x_wconf 89' lang='lat' dir='ltr'>p.</span> <span class='ocrx_word' id='word_1_229' title='bbox 128 2099 208 2135; x_wconf 89' lang='lat'>824.</span> <span class='ocrx_word' id='word_1_230' title='bbox 240 2103 286 2132; x_wconf 89' lang='lat' dir='ltr'>A.</span> <span class='ocrx_word' id='word_1_231' title='bbox 322 2096 398 2132; x_wconf 74' lang='grc' dir='ltr'>οὐδ’</span> <span class='ocrx_word' id='word_1_232' title='bbox 430 2096 449 2140; x_wconf 85' lang='grc' dir='ltr'>η’</span> <span class='ocrx_word' id='word_1_233' title='bbox 475 2099 542 2131; x_wconf 76' lang='grc' dir='ltr'><em>τῶν</em></span> <span class='ocrx_word' id='word_1_234' title='bbox 567 2097 713 2131; x_wconf 71' lang='grc' dir='ltr'><em>διαπαύ-</em></span> 
     </span>
     <span class='ocr_line' id='line_1_40' title="bbox 71 2144 716 2187; baseline 0 -9"><span class='ocrx_word' id='word_1_235' title='bbox 71 2157 156 2185; x_wconf 77' lang='grc' dir='ltr'><em>ματα</em></span> <span class='ocrx_word' id='word_1_236' title='bbox 188 2144 307 2178; x_wconf 84' lang='grc' dir='ltr'><em>πόνων</em></span> <span class='ocrx_word' id='word_1_237' title='bbox 346 2147 491 2187; x_wconf 78' lang='grc' dir='ltr'><em>ἔχουσα,</em></span> <span class='ocrx_word' id='word_1_238' title='bbox 531 2146 592 2178; x_wconf 90' lang='lat' dir='ltr'>ubi</span> <span class='ocrx_word' id='word_1_239' title='bbox 632 2151 716 2187; x_wconf 84' lang='lat' dir='ltr'>post</span> 
     </span>
     <span class='ocr_line' id='line_1_41' title="bbox 72 2190 710 2225; baseline 0.002 -2"><span class='ocrx_word' id='word_1_240' title='bbox 72 2193 139 2224; x_wconf 76' lang='grc' dir='ltr'><em>τῶν</em></span> <span class='ocrx_word' id='word_1_241' title='bbox 156 2193 287 2225; x_wconf 84' lang='lat' dir='ltr'><strong>excidit</strong></span> <span class='ocrx_word' id='word_1_242' title='bbox 301 2191 452 2225; x_wconf 85' lang='lat' dir='ltr'>fortasse</span> <span class='ocrx_word' id='word_1_243' title='bbox 471 2190 593 2225; x_wconf 84' lang='grc' dir='ltr'><em>ὄντων.</em></span> <span class='ocrx_word' id='word_1_244' title='bbox 617 2192 710 2224; x_wconf 89' lang='lat' dir='ltr'>Tim.</span> 
     </span>
     <span class='ocr_line' id='line_1_42' title="bbox 72 2236 710 2281; baseline 0 -11"><span class='ocrx_word' id='word_1_245' title='bbox 72 2249 107 2280; x_wconf 90' lang='lat' dir='ltr'>p.</span> <span class='ocrx_word' id='word_1_246' title='bbox 131 2237 188 2273; x_wconf 86' lang='lat'>39.</span> <span class='ocrx_word' id='word_1_247' title='bbox 219 2239 264 2272; x_wconf 93' lang='lat' dir='ltr'>D.</span> <span class='ocrx_word' id='word_1_248' title='bbox 298 2237 388 2281; x_wconf 75' lang='grc' dir='ltr'><em>πρὸς</em></span> <span class='ocrx_word' id='word_1_249' title='bbox 419 2236 480 2281; x_wconf 79' lang='grc' dir='ltr'><em>τὴν</em></span> <span class='ocrx_word' id='word_1_250' title='bbox 511 2239 570 2281; x_wconf 74' lang='grc' dir='ltr'>τῆς</span> <span class='ocrx_word' id='word_1_251' title='bbox 595 2237 710 2270; x_wconf 84' lang='grc' dir='ltr'><em>διαιω-</em></span> 
     </span>
     <span class='ocr_line' id='line_1_43' title="bbox 73 2283 709 2326; baseline 0.002 -11"><span class='ocrx_word' id='word_1_252' title='bbox 73 2287 149 2316; x_wconf 77' lang='grc' dir='ltr'><em>νίας</em></span> <span class='ocrx_word' id='word_1_253' title='bbox 173 2285 310 2325; x_wconf 80' lang='grc' dir='ltr'><em>μίμησιν</em></span> <span class='ocrx_word' id='word_1_254' title='bbox 340 2283 492 2326; x_wconf 76' lang='grc' dir='ltr'><em>φύσεως.</em></span> <span class='ocrx_word' id='word_1_255' title='bbox 548 2285 640 2316; x_wconf 90' lang='lat' dir='ltr'>Ibid.</span> <span class='ocrx_word' id='word_1_256' title='bbox 675 2295 709 2326; x_wconf 88' lang='lat' dir='ltr'>p.</span> 
     </span>
     <span class='ocr_line' id='line_1_44' title="bbox 72 2330 708 2374; baseline -0.005 -10"><span class='ocrx_word' id='word_1_257' title='bbox 72 2330 129 2364; x_wconf 87' lang='lat'>50.</span> <span class='ocrx_word' id='word_1_258' title='bbox 155 2330 196 2361; x_wconf 91' lang='lat' dir='ltr'>B.</span> <span class='ocrx_word' id='word_1_259' title='bbox 222 2330 362 2363; x_wconf 87' lang='lat' dir='ltr'>Politic.</span> <span class='ocrx_word' id='word_1_260' title='bbox 392 2342 425 2374; x_wconf 90' lang='lat' dir='ltr'>p.</span> <span class='ocrx_word' id='word_1_261' title='bbox 451 2331 530 2365; x_wconf 74' lang='lat'>277.</span> <span class='ocrx_word' id='word_1_262' title='bbox 557 2330 598 2362; x_wconf 91' lang='grc' dir='ltr'>Β.</span> <span class='ocrx_word' id='word_1_263' title='bbox 638 2331 708 2362; x_wconf 87' lang='lat' dir='ltr'>Eu-</span> 
     </span>
     <span class='ocr_line' id='line_1_45' title="bbox 72 2375 710 2418; baseline 0.003 -11"><span class='ocrx_word' id='word_1_264' title='bbox 72 2376 212 2418; x_wconf 77' lang='lat' dir='ltr'>thyphr.</span> <span class='ocrx_word' id='word_1_265' title='bbox 237 2386 271 2418; x_wconf 85' lang='lat' dir='ltr'>p.</span> <span class='ocrx_word' id='word_1_266' title='bbox 289 2375 324 2410; x_wconf 86' lang='lat'>4.</span> <span class='ocrx_word' id='word_1_267' title='bbox 351 2377 391 2409; x_wconf 92' lang='lat' dir='ltr'>C.</span> <span class='ocrx_word' id='word_1_268' title='bbox 415 2378 474 2409; x_wconf 87' lang='lat' dir='ltr'>ubi</span> <span class='ocrx_word' id='word_1_269' title='bbox 501 2388 533 2409; x_wconf 89' lang='lat' dir='ltr'>v.</span> <span class='ocrx_word' id='word_1_270' title='bbox 551 2382 710 2409; x_wconf 81' lang='lat' dir='ltr'>annotat.</span> 
     </span>
     <span class='ocr_line' id='line_1_46' title="bbox 72 2421 711 2465; baseline 0 -11"><span class='ocrx_word' id='word_1_271' title='bbox 72 2421 176 2461; x_wconf 85' lang='lat' dir='ltr'>Quod</span> <span class='ocrx_word' id='word_1_272' title='bbox 203 2423 310 2463; x_wconf 85' lang='lat' dir='ltr'>vulgo</span> <span class='ocrx_word' id='word_1_273' title='bbox 342 2428 518 2462; x_wconf 79' lang='lat' dir='ltr'>statuunt,</span> <span class='ocrx_word' id='word_1_274' title='bbox 553 2421 614 2465; x_wconf 76' lang='grc' dir='ltr'><em>τὴν</em></span> <span class='ocrx_word' id='word_1_275' title='bbox 644 2424 711 2454; x_wconf 81' lang='grc' dir='ltr'><em>τῶν</em></span> 
     </span>
     <span class='ocr_line' id='line_1_47' title="bbox 73 2465 709 2510; baseline 0.002 -10"><span class='ocrx_word' id='word_1_276' title='bbox 73 2465 211 2510; x_wconf 76' lang='grc' dir='ltr'><em>ἀσεβῶν</em></span> <span class='ocrx_word' id='word_1_277' title='bbox 234 2466 346 2510; x_wconf 76' lang='grc' dir='ltr'><em>ψυχήν</em></span> <span class='ocrx_word' id='word_1_278' title='bbox 380 2480 442 2510; x_wconf 87' lang='lat' dir='ltr'>per</span> <span class='ocrx_word' id='word_1_279' title='bbox 470 2471 709 2502; x_wconf 83' lang='lat' dir='ltr'><strong>inversionem</strong></span> 
     </span>
     <span class='ocr_line' id='line_1_48' title="bbox 73 2513 708 2570; baseline 0.003 -24"><span class='ocrx_word' id='word_1_280' title='bbox 73 2516 247 2570; x_wconf 80' lang='lat' dir='ltr'><strong>quandam</strong></span> <span class='ocrx_word' id='word_1_281' title='bbox 274 2515 343 2546; x_wconf 86' lang='lat' dir='ltr'>dici</span> <span class='ocrx_word' id='word_1_282' title='bbox 373 2525 438 2556; x_wconf 89' lang='lat' dir='ltr'>pro</span> <span class='ocrx_word' id='word_1_283' title='bbox 474 2513 534 2557; x_wconf 84' lang='grc' dir='ltr'><em>τὴν</em></span> <span class='ocrx_word' id='word_1_284' title='bbox 559 2516 618 2557; x_wconf 71' lang='grc' dir='ltr'>τῆς</span> <span class='ocrx_word' id='word_1_285' title='bbox 643 2521 708 2556; x_wconf 78' lang='grc' dir='ltr'>ψυ-</span> 
     </span>
     <span class='ocr_line' id='line_1_49' title="bbox 71 2556 710 2604; baseline 0.003 -12"><span class='ocrx_word' id='word_1_286' title='bbox 71 2561 132 2602; x_wconf 77' lang='grc' dir='ltr'>χῆς</span> <span class='ocrx_word' id='word_1_287' title='bbox 162 2556 341 2601; x_wconf 78' lang='grc' dir='ltr'><em>ἀσέβειαν,</em></span> <span class='ocrx_word' id='word_1_288' title='bbox 372 2562 409 2592; x_wconf 90' lang='lat' dir='ltr'>id</span> <span class='ocrx_word' id='word_1_289' title='bbox 432 2562 599 2604; x_wconf 88' lang='lat' dir='ltr'>loquendi</span> <span class='ocrx_word' id='word_1_290' title='bbox 624 2572 710 2594; x_wconf 82' lang='lat' dir='ltr'>eon·</span> 
     </span>
     <span class='ocr_line' id='line_1_50' title="bbox 72 2607 711 2640; baseline 0.003 -2"><span class='ocrx_word' id='word_1_291' title='bbox 72 2607 247 2640; x_wconf 85' lang='lat' dir='ltr'>suetudini</span> <span class='ocrx_word' id='word_1_292' title='bbox 281 2608 463 2640; x_wconf 80' lang='lat' dir='ltr'>adversari</span> <span class='ocrx_word' id='word_1_293' title='bbox 488 2609 711 2640; x_wconf 74' lang='lat' dir='ltr'>arbitramur.</span> 
     </span>
    </p>

    <p class='ocr_par' dir='ltr' id='par_1_17' title="bbox 71 2650 708 2743">
     <span class='ocr_line' id='line_1_51' title="bbox 117 2650 708 2697; baseline 0.002 -12.061"><span class='ocrx_word' id='word_1_294' title='bbox 117 2653 158 2685; x_wconf 83' lang='lat' dir='ltr'>P.</span> <span class='ocrx_word' id='word_1_295' title='bbox 189 2652 270 2688; x_wconf 86' lang='lat'>892.</span> <span class='ocrx_word' id='word_1_296' title='bbox 320 2650 419 2685; x_wconf 82' lang='grc' dir='ltr'><em>οἶόν</em></span> <span class='ocrx_word' id='word_1_297' title='bbox 459 2664 497 2686; x_wconf 80' lang='grc' dir='ltr'><em>τε</em></span> <span class='ocrx_word' id='word_1_298' title='bbox 533 2650 581 2685; x_wconf 79' lang='grc' dir='ltr'>ὃν</span> <span class='ocrx_word' id='word_1_299' title='bbox 617 2665 708 2697; x_wconf 85' lang='grc' dir='ltr'><em>τυγ-</em></span> 
     </span>
     <span class='ocr_line' id='line_1_52' title="bbox 71 2697 705 2743; baseline 0.003 -11"><span class='ocrx_word' id='word_1_300' title='bbox 71 2697 207 2742; x_wconf 64' lang='lat' dir='ltr'>zei-rec]</span> <span class='ocrx_word' id='word_1_301' title='bbox 233 2699 463 2742; x_wconf 80' lang='lat' dir='ltr'>Participium</span> <span class='ocrx_word' id='word_1_302' title='bbox 491 2697 533 2732; x_wconf 86' lang='grc' dir='ltr'>ὅν</span> <span class='ocrx_word' id='word_1_303' title='bbox 547 2699 605 2734; x_wconf 80' lang='lat' dir='ltr'>hic</span> <span class='ocrx_word' id='word_1_304' title='bbox 621 2711 705 2743; x_wconf 87' lang='lat' dir='ltr'><strong>quo·</strong></span> 
     </span>
    </p>
   </div>
   <div class='ocr_carea' id='block_1_15' title="bbox 777 1637 1426 2480">
    <p class='ocr_par' dir='ltr' id='par_1_18' title="bbox 783 1637 1426 1904">
     <span class='ocr_line' id='line_1_53' title="bbox 785 1637 1426 1680; baseline -0.006 -9"><span class='ocrx_word' id='word_1_305' title='bbox 785 1649 851 1680; x_wconf 89' lang='lat' dir='ltr'>que</span> <span class='ocrx_word' id='word_1_306' title='bbox 882 1639 1084 1680; x_wconf 84' lang='lat' dir='ltr'>praedicato</span> <span class='ocrx_word' id='word_1_307' title='bbox 1123 1637 1426 1670; x_wconf 83' lang='lat' dir='ltr'>accommodatum</span> 
     </span>
     <span class='ocr_line' id='line_1_54' title="bbox 784 1683 1425 1727; baseline -0.006 -10"><span class='ocrx_word' id='word_1_308' title='bbox 784 1690 837 1717; x_wconf 87' lang='lat' dir='ltr'>est</span> <span class='ocrx_word' id='word_1_309' title='bbox 858 1686 1084 1727; x_wconf 87' lang='lat' dir='ltr'>positumque</span> <span class='ocrx_word' id='word_1_310' title='bbox 1101 1695 1163 1726; x_wconf 92' lang='lat' dir='ltr'>pro</span> <span class='ocrx_word' id='word_1_311' title='bbox 1192 1693 1296 1720; x_wconf 75' lang='lat' dir='ltr'><strong><em>avua,</em></strong></span> <span class='ocrx_word' id='word_1_312' title='bbox 1322 1683 1425 1715; x_wconf 84' lang='lat' dir='ltr'>sicuti</span> 
     </span>
     <span class='ocr_line' id='line_1_55' title="bbox 785 1730 1426 1774; baseline -0.005 -11"><span class='ocrx_word' id='word_1_313' title='bbox 785 1730 894 1774; x_wconf 85' lang='lat' dir='ltr'>Gorg.</span> <span class='ocrx_word' id='word_1_314' title='bbox 934 1744 966 1774; x_wconf 90' lang='lat' dir='ltr'>p.</span> <span class='ocrx_word' id='word_1_315' title='bbox 999 1731 1077 1766; x_wconf 85' lang='lat'>463.</span> <span class='ocrx_word' id='word_1_316' title='bbox 1119 1731 1162 1762; x_wconf 87' lang='lat' dir='ltr'>E.</span> <span class='ocrx_word' id='word_1_317' title='bbox 1210 1731 1354 1771; x_wconf 82' lang='lat' dir='ltr'>Protag.</span> <span class='ocrx_word' id='word_1_318' title='bbox 1392 1739 1426 1770; x_wconf 84' lang='lat' dir='ltr'>p.</span> 
     </span>
     <span class='ocr_line' id='line_1_56' title="bbox 783 1776 1426 1819; baseline -0.011 -7"><span class='ocrx_word' id='word_1_319' title='bbox 783 1777 863 1812; x_wconf 83' lang='lat'>354.</span> <span class='ocrx_word' id='word_1_320' title='bbox 900 1778 940 1810; x_wconf 91' lang='lat' dir='ltr'>C.</span> <span class='ocrx_word' id='word_1_321' title='bbox 972 1778 1082 1819; x_wconf 75' lang='lat' dir='ltr'>Legg.</span> <span class='ocrx_word' id='word_1_322' title='bbox 1117 1777 1161 1808; x_wconf 90' lang='lat' dir='ltr'>V.</span> <span class='ocrx_word' id='word_1_323' title='bbox 1197 1786 1230 1818; x_wconf 89' lang='lat' dir='ltr'>p.</span> <span class='ocrx_word' id='word_1_324' title='bbox 1265 1776 1343 1810; x_wconf 83' lang='lat'>726.</span> <span class='ocrx_word' id='word_1_325' title='bbox 1379 1778 1426 1806; x_wconf 82' lang='lat' dir='ltr'>A.</span> 
     </span>
     <span class='ocr_line' id='line_1_57' title="bbox 784 1821 1425 1866; baseline -0.003 -12"><span class='ocrx_word' id='word_1_326' title='bbox 784 1824 849 1855; x_wconf 94' lang='lat' dir='ltr'>VI.</span> <span class='ocrx_word' id='word_1_327' title='bbox 876 1835 908 1866; x_wconf 86' lang='lat' dir='ltr'>p.</span> <span class='ocrx_word' id='word_1_328' title='bbox 930 1824 1007 1858; x_wconf 85' lang='lat'>751.</span> <span class='ocrx_word' id='word_1_329' title='bbox 1034 1824 1076 1855; x_wconf 94' lang='lat' dir='ltr'>B.</span> <span class='ocrx_word' id='word_1_330' title='bbox 1106 1823 1186 1856; x_wconf 88' lang='lat' dir='ltr'>VII.</span> <span class='ocrx_word' id='word_1_331' title='bbox 1203 1821 1283 1856; x_wconf 85' lang='lat'>896.</span> <span class='ocrx_word' id='word_1_332' title='bbox 1310 1823 1356 1854; x_wconf 83' lang='lat' dir='ltr'>A.</span> <span class='ocrx_word' id='word_1_333' title='bbox 1376 1821 1425 1853; x_wconf 88' lang='lat' dir='ltr'>X.</span> 
     </span>
     <span class='ocr_line' id='line_1_58' title="bbox 783 1869 1342 1904; baseline -0.009 0"><span class='ocrx_word' id='word_1_334' title='bbox 783 1870 863 1904; x_wconf 85' lang='lat'>893.</span> <span class='ocrx_word' id='word_1_335' title='bbox 890 1872 934 1902; x_wconf 85' lang='lat' dir='ltr'>A.</span> <span class='ocrx_word' id='word_1_336' title='bbox 961 1870 1042 1904; x_wconf 85' lang='lat'>896.</span> <span class='ocrx_word' id='word_1_337' title='bbox 1070 1871 1113 1903; x_wconf 75' lang='lat' dir='ltr'>A,</span> <span class='ocrx_word' id='word_1_338' title='bbox 1138 1870 1218 1901; x_wconf 81' lang='lat' dir='ltr'>aliis</span> <span class='ocrx_word' id='word_1_339' title='bbox 1243 1869 1342 1900; x_wconf 87' lang='lat' dir='ltr'>locis.</span> 
     </span>
    </p>

    <p class='ocr_par' dir='ltr' id='par_1_19' title="bbox 777 1932 1426 2388">
     <span class='ocr_line' id='line_1_59' title="bbox 831 1932 1422 1979; baseline -0.005 -10"><span class='ocrx_word' id='word_1_340' title='bbox 831 1934 883 1969; x_wconf 76' lang='grc' dir='ltr'>ὥς</span> <span class='ocrx_word' id='word_1_341' title='bbox 918 1936 962 1969; x_wconf 85' lang='grc' dir='ltr'>ἑν</span> <span class='ocrx_word' id='word_1_342' title='bbox 1003 1936 1187 1979; x_wconf 70' lang='grc' dir='ltr'><em>πρώτοις</em></span> <span class='ocrx_word' id='word_1_343' title='bbox 1221 1932 1308 1968; x_wconf 76' lang='grc' dir='ltr'><em>ἐστὶ</em></span> <span class='ocrx_word' id='word_1_344' title='bbox 1352 1945 1422 1967; x_wconf 82' lang='grc' dir='ltr'><em>σω-</em></span> 
     </span>
     <span class='ocr_line' id='line_1_60' title="bbox 783 1981 1425 2024; baseline -0.003 -9"><span class='ocrx_word' id='word_1_345' title='bbox 783 1983 924 2023; x_wconf 78' lang='grc' dir='ltr'><em>μάτιον</em></span> <span class='ocrx_word' id='word_1_346' title='bbox 960 1983 1211 2024; x_wconf 70' lang='grc' dir='ltr'><em>ἔμπροσθεν</em></span> <span class='ocrx_word' id='word_1_347' title='bbox 1252 1981 1425 2015; x_wconf 82' lang='grc' dir='ltr'><em>πάντων</em></span> 
     </span>
     <span class='ocr_line' id='line_1_61' title="bbox 784 2029 1425 2072; baseline -0.005 -10"><span class='ocrx_word' id='word_1_348' title='bbox 784 2031 881 2072; x_wconf 57' lang='lat' dir='ltr'>ysam]</span> <span class='ocrx_word' id='word_1_349' title='bbox 908 2030 1000 2062; x_wconf 88' lang='lat' dir='ltr'>Tim.</span> <span class='ocrx_word' id='word_1_350' title='bbox 1033 2041 1065 2071; x_wconf 87' lang='lat' dir='ltr'>p.</span> <span class='ocrx_word' id='word_1_351' title='bbox 1090 2030 1147 2064; x_wconf 88' lang='lat'>34.</span> <span class='ocrx_word' id='word_1_352' title='bbox 1174 2029 1214 2063; x_wconf 90' lang='lat' dir='ltr'>B.</span> <span class='ocrx_word' id='word_1_353' title='bbox 1241 2029 1300 2060; x_wconf 90' lang='lat' dir='ltr'>ubi</span> <span class='ocrx_word' id='word_1_354' title='bbox 1332 2030 1425 2060; x_wconf 88' lang='lat' dir='ltr'>inter</span> 
     </span>
     <span class='ocr_line' id='line_1_62' title="bbox 781 2071 1425 2119; baseline -0.005 -11"><span class='ocrx_word' id='word_1_355' title='bbox 781 2078 868 2109; x_wconf 84' lang='lat' dir='ltr'>alia:</span> <span class='ocrx_word' id='word_1_356' title='bbox 896 2073 915 2107; x_wconf 85' lang='grc' dir='ltr'>ὁ</span> <span class='ocrx_word' id='word_1_357' title='bbox 941 2075 976 2107; x_wconf 84' lang='grc' dir='ltr'>δὲ</span> <span class='ocrx_word' id='word_1_358' title='bbox 1002 2077 1056 2108; x_wconf 80' lang='grc' dir='ltr'><em>καὶ</em></span> <span class='ocrx_word' id='word_1_359' title='bbox 1083 2075 1212 2119; x_wconf 70' lang='grc' dir='ltr'><em>)ειε’σει</em></span> <span class='ocrx_word' id='word_1_360' title='bbox 1238 2076 1292 2106; x_wconf 84' lang='grc' dir='ltr'><em>καὶ</em></span> <span class='ocrx_word' id='word_1_361' title='bbox 1322 2071 1425 2115; x_wconf 74' lang='grc' dir='ltr'><em>ἀρειῇ</em></span> 
     </span>
     <span class='ocr_line' id='line_1_63' title="bbox 781 2119 1425 2164; baseline -0.005 -10"><span class='ocrx_word' id='word_1_362' title='bbox 781 2122 951 2164; x_wconf 80' lang='grc' dir='ltr'><em>προτέραν</em></span> <span class='ocrx_word' id='word_1_363' title='bbox 978 2123 1031 2154; x_wconf 83' lang='grc' dir='ltr'><em>καὶ</em></span> <span class='ocrx_word' id='word_1_364' title='bbox 1053 2120 1288 2164; x_wconf 80' lang='grc' dir='ltr'><em>πρεςβυτέραν</em></span> <span class='ocrx_word' id='word_1_365' title='bbox 1312 2119 1425 2162; x_wconf 84' lang='grc' dir='ltr'><em>ψυχὴν</em></span> 
     </span>
     <span class='ocr_line' id='line_1_64' title="bbox 780 2166 1426 2211; baseline -0.003 -11"><span class='ocrx_word' id='word_1_366' title='bbox 780 2167 937 2209; x_wconf 72' lang='grc' dir='ltr'><em>σωματος</em></span> <span class='ocrx_word' id='word_1_367' title='bbox 949 2188 991 2193; x_wconf 89' lang='lat'>-</span> <span class='ocrx_word' id='word_1_368' title='bbox 1007 2167 1251 2211; x_wconf 81' lang='grc' dir='ltr'><em>συνεστήσατο.</em></span> <span class='ocrx_word' id='word_1_369' title='bbox 1285 2167 1372 2199; x_wconf 89' lang='lat' dir='ltr'>Post</span> <span class='ocrx_word' id='word_1_370' title='bbox 1388 2166 1426 2198; x_wconf 74' lang='grc' dir='ltr'>ἐν</span> 
     </span>
     <span class='ocr_line' id='line_1_65' title="bbox 782 2213 1421 2257; baseline -0.005 -10"><span class='ocrx_word' id='word_1_371' title='bbox 782 2213 931 2257; x_wconf 78' lang='grc' dir='ltr'><em>πρώτοις</em></span> <span class='ocrx_word' id='word_1_372' title='bbox 955 2226 1018 2257; x_wconf 89' lang='lat' dir='ltr'>per</span> <span class='ocrx_word' id='word_1_373' title='bbox 1033 2215 1246 2257; x_wconf 83' lang='lat' dir='ltr'>epexegesin</span> <span class='ocrx_word' id='word_1_374' title='bbox 1261 2215 1421 2246; x_wconf 80' lang='lat' dir='ltr'>additur:</span> 
     </span>
     <span class='ocr_line' id='line_1_66' title="bbox 781 2258 1422 2304; baseline -0.005 -11"><span class='ocrx_word' id='word_1_375' title='bbox 781 2260 946 2301; x_wconf 82' lang='grc' dir='ltr'><em>σωμάτων</em></span> <span class='ocrx_word' id='word_1_376' title='bbox 970 2261 1171 2304; x_wconf 79' lang='grc' dir='ltr'><em>ἔμπροσθεν</em></span> <span class='ocrx_word' id='word_1_377' title='bbox 1196 2258 1343 2292; x_wconf 82' lang='grc' dir='ltr'><em>πάντων.</em></span> <span class='ocrx_word' id='word_1_378' title='bbox 1379 2260 1422 2291; x_wconf 87' lang='lat' dir='ltr'>In</span> 
     </span>
     <span class='ocr_line' id='line_1_67' title="bbox 780 2307 1423 2351; baseline -0.005 -11"><span class='ocrx_word' id='word_1_379' title='bbox 780 2319 850 2351; x_wconf 88' lang='lat' dir='ltr'>quo</span> <span class='ocrx_word' id='word_1_380' title='bbox 875 2318 978 2340; x_wconf 88' lang='lat' dir='ltr'>nemo</span> <span class='ocrx_word' id='word_1_381' title='bbox 1005 2314 1109 2348; x_wconf 84' lang='lat' dir='ltr'>certe,</span> <span class='ocrx_word' id='word_1_382' title='bbox 1132 2307 1240 2341; x_wconf 86' lang='lat' dir='ltr'>semel</span> <span class='ocrx_word' id='word_1_383' title='bbox 1255 2307 1423 2349; x_wconf 77' lang='lat' dir='ltr'>monitus,</span> 
     </span>
     <span class='ocr_line' id='line_1_68' title="bbox 777 2355 949 2388; baseline 0.006 -1"><span class='ocrx_word' id='word_1_384' title='bbox 777 2355 949 2388; x_wconf 82' lang='lat' dir='ltr'>haerebit.</span> 
     </span>
    </p>

    <p class='ocr_par' dir='ltr' id='par_1_20' title="bbox 779 2396 1423 2480">
     <span class='ocr_line' id='line_1_69' title="bbox 825 2396 1421 2443; baseline -0.005 -11"><span class='ocrx_word' id='word_1_385' title='bbox 825 2399 1128 2443; x_wconf 77' lang='grc' dir='ltr'><em>πρεσβυτέρας</em></span> <span class='ocrx_word' id='word_1_386' title='bbox 1159 2396 1182 2441; x_wconf 82' lang='grc' dir='ltr'><strong><em>ἧ</em></strong></span> <span class='ocrx_word' id='word_1_387' title='bbox 1207 2397 1421 2440; x_wconf 77' lang='grc' dir='ltr'><em>σώματος]</em></span> 
     </span>
     <span class='ocr_line' id='line_1_70' title="bbox 779 2446 1423 2480; baseline -0.005 -1"><span class='ocrx_word' id='word_1_388' title='bbox 779 2447 834 2479; x_wconf 89' lang='lat' dir='ltr'>De</span> <span class='ocrx_word' id='word_1_389' title='bbox 858 2448 1122 2479; x_wconf 76' lang='lat' dir='ltr'>construetione</span> <span class='ocrx_word' id='word_1_390' title='bbox 1143 2457 1176 2480; x_wconf 84' lang='lat' dir='ltr'>v.</span> <span class='ocrx_word' id='word_1_391' title='bbox 1202 2446 1423 2478; x_wconf 75' lang='lat' dir='ltr'>Matthiae</span> 
     </span>
    </p>
   </div>
   <div class='ocr_carea' id='block_1_16' title="bbox 779 2492 1121 2535">
    <p class='ocr_par' dir='ltr' id='par_1_21' title="bbox 779 2492 1121 2535">
     <span class='ocr_line' id='line_1_71' title="bbox 779 2492 1121 2535; baseline 0.003 -10"><span class='ocrx_word' id='word_1_392' title='bbox 779 2492 840 2526; x_wconf 83' lang='lat' dir='ltr'>Gr.</span> <span class='ocrx_word' id='word_1_393' title='bbox 868 2493 899 2535; x_wconf 70' lang='grc' dir='ltr'>ξ.</span> <span class='ocrx_word' id='word_1_394' title='bbox 925 2492 1004 2527; x_wconf 87' lang='grc'><strong>448.</strong></span> <span class='ocrx_word' id='word_1_395' title='bbox 1033 2493 1063 2527; x_wconf 95' lang='grc'>1.</span> <span class='ocrx_word' id='word_1_396' title='bbox 1091 2502 1121 2526; x_wconf 84' lang='lat' dir='ltr'>a.</span> 
     </span>
    </p>
   </div>
   <div class='ocr_carea' id='block_1_17' title="bbox 778 2549 1424 2741">
    <p class='ocr_par' dir='ltr' id='par_1_22' title="bbox 778 2549 1424 2741">
     <span class='ocr_line' id='line_1_72' title="bbox 824 2549 1424 2603; baseline -0.008 -9"><span class='ocrx_word' id='word_1_397' title='bbox 824 2562 865 2594; x_wconf 90' lang='lat' dir='ltr'>B.</span> <span class='ocrx_word' id='word_1_398' title='bbox 916 2562 984 2594; x_wconf 81' lang='grc' dir='ltr'><em>καὶ</em></span> <span class='ocrx_word' id='word_1_399' title='bbox 1010 2549 1058 2603; x_wconf 70' lang='grc' dir='ltr'>δὴ</span> <span class='ocrx_word' id='word_1_400' title='bbox 1092 2561 1158 2593; x_wconf 82' lang='grc' dir='ltr'><em>καὶ</em></span> <span class='ocrx_word' id='word_1_401' title='bbox 1192 2557 1238 2592; x_wconf 78' lang='grc' dir='ltr'><em>τὰ</em></span> <span class='ocrx_word' id='word_1_402' title='bbox 1263 2556 1424 2600; x_wconf 74' lang='grc' dir='ltr'><em>μεγάλα</em></span> 
     </span>
     <span class='ocr_line' id='line_1_73' title="bbox 779 2608 1423 2651; baseline -0.005 -12"><span class='ocrx_word' id='word_1_403' title='bbox 779 2612 848 2640; x_wconf 78' lang='grc' dir='ltr'><em>καὶ</em></span> <span class='ocrx_word' id='word_1_404' title='bbox 875 2608 1028 2651; x_wconf 79' lang='grc' dir='ltr'><em>πρῶτα]</em></span> <span class='ocrx_word' id='word_1_405' title='bbox 1055 2618 1128 2640; x_wconf 89' lang='lat' dir='ltr'>non</span> <span class='ocrx_word' id='word_1_406' title='bbox 1152 2611 1286 2639; x_wconf 81' lang='lat' dir='ltr'>tantum</span> <span class='ocrx_word' id='word_1_407' title='bbox 1301 2615 1423 2648; x_wconf 78' lang='lat' dir='ltr'>parva,</span> 
     </span>
     <span class='ocr_line' id='line_1_74' title="bbox 778 2653 1422 2693; baseline -0.006 -7"><span class='ocrx_word' id='word_1_408' title='bbox 778 2655 880 2687; x_wconf 84' lang='lat' dir='ltr'>sicuti</span> <span class='ocrx_word' id='word_1_409' title='bbox 912 2656 1038 2687; x_wconf 83' lang='lat' dir='ltr'>volunt</span> <span class='ocrx_word' id='word_1_410' title='bbox 1068 2653 1283 2691; x_wconf 61' lang='lat' dir='ltr'>adversm-ih</span> <span class='ocrx_word' id='word_1_411' title='bbox 1322 2663 1355 2682; x_wconf 86' lang='lat' dir='ltr'>v.</span> <span class='ocrx_word' id='word_1_412' title='bbox 1387 2662 1422 2693; x_wconf 86' lang='lat' dir='ltr'>p.</span> 
     </span>
     <span class='ocr_line' id='line_1_75' title="bbox 778 2696 1421 2741; baseline -0.002 -10"><span class='ocrx_word' id='word_1_413' title='bbox 778 2700 856 2734; x_wconf 75' lang='lat'>889.</span> <span class='ocrx_word' id='word_1_414' title='bbox 883 2701 928 2733; x_wconf 84' lang='lat' dir='ltr'>A.</span> <span class='ocrx_word' id='word_1_415' title='bbox 956 2719 997 2725; x_wconf 88' lang='lat'>—</span> <span class='ocrx_word' id='word_1_416' title='bbox 1026 2696 1104 2732; x_wconf 73' lang='grc' dir='ltr'>οὐκ</span> <span class='ocrx_word' id='word_1_417' title='bbox 1131 2696 1283 2741; x_wconf 76' lang='grc' dir='ltr'><em>ὀρθῶς</em></span> <span class='ocrx_word' id='word_1_418' title='bbox 1307 2697 1421 2730; x_wconf 77' lang='grc' dir='ltr'>ἐπον.</span> 
     </span>
    </p>
   </div>
   <div class='ocr_carea' id='block_1_18' title="bbox 1467 644 1501 684">
    <p class='ocr_par' dir='ltr' id='par_1_23' title="bbox 1467 644 1501 684">
     <span class='ocr_line' id='line_1_76' title="bbox 1467 644 1501 684; baseline -0.059 0"><span class='ocrx_word' id='word_1_419' title='bbox 1467 644 1501 684; x_wconf 80' lang='lat' dir='ltr'>B</span> 
     </span>
    </p>
   </div>
  </div>
 </body>
</html>
