1781 2971
194 546 272 588 931

307 164 387 204 304
779 164 812 204 P
828 163 865 204 L
878 165 919 206 A
932 164 970 206 T
984 163 1024 207 O
1038 164 1077 207 N
1093 165 1113 206 I
1127 164 1157 207 S

308 282 393 329 ὅεις
441 278 600 322 οὐδενί.
645 281 867 336 φρονῆσαι
905 282 950 324 δὲ
984 280 1068 335 χρὴ
1106 283 1201 336 περὶ
1239 282 1362 324 θεῶν
1409 278 1657 337 θεραπείαξ

309 346 481 389 τοιόνδε
530 349 767 401 προοίμιον
800 343 859 388 ἂν
893 347 1132 402 γενόμενον
1168 352 1226 397 εἰς
1263 345 1344 397 τὰς
1381 350 1468 391 τῶν
1504 365 1656 401 γεννη-

308 411 484 455 σάντων
522 411 652 465 τιμάς
690 429 731 455 τε
768 416 839 455 καὶ
878 413 1058 467 ἀτιμίας
1095 411 1250 469 ὀρθῶς
1292 422 1653 471 συντεταγμένον·

309 479 458 531 Νόμοι
496 483 592 533 περὶ
629 478 771 528 θεοὺς
805 479 986 535 ἀρχαῖοι
1029 488 1193 523 κεῖνται
1239 479 1360 535 παρὰ
1399 483 1508 524 πᾶσι
1544 483 1654 541 ὁιχῇ.

309 545 409 596 τοὺς
428 549 506 598 μὲν
531 545 617 601 γαρ
640 549 724 589 τῶν
747 548 870 589 θεῶν
895 545 1083 602 ὁρῶντες
1101 549 1255 606 σαφῶς
1275 549 1478 602 τιμῶμεν,
1501 550 1587 591 τῶν
1609 546 1647 591 δ’

305 614 476 663 εἰκόνας
502 613 742 668 ἀγάλματα
761 615 1062 669 ἱδρυσάμενοι,
1087 612 1164 664 οὓς
1181 611 1285 667 ἡμῖν
1301 613 1546 668 ἀγάλλουσι
1561 619 1656 657 καί·

306 697 385 736 περ
415 679 621 740 ἀψύχους
643 678 778 730 ὄντας
800 684 990 730 ἐκείνους
1020 678 1260 734 ἡγούμεθα
1290 679 1397 731 τούς
1433 680 1656 741 ἐμψύχους

305 746 444 798 θεοὺς
466 745 635 799 πολλὴν
657 745 728 789 διὰ
753 745 878 790 ταῦτ’
901 745 1079 790 εὔνοιαν
1098 750 1171 790 καὶ
1188 747 1321 803 χάριν
1350 752 1473 803 ἔχειν.
1503 748 1653 802 πατὴρ

305 809 386 859 οὖν
407 812 497 869 ὅτῳ
521 816 593 857 καὶ
613 813 758 870 μήτηρ
779 811 805 866 ἢ
832 813 1001 858 τούτων
1022 818 1204 869 πατέρες
1226 811 1251 866 ἢ
1272 821 1452 869 μητέρες
1471 819 1518 857 ὲν
1538 818 1656 870 οἰκίᾳ

304 890 470 926 κεῖνται
493 879 704 935 κειμήλιοι
736 879 1024 937 ἀπειρηκότες
1043 879 1175 936 γήρᾳ,
1196 883 1344 936 μηὸεὶς
1363 881 1653 934 διανοηθήτω

306 951 414 992 ποτὲ
439 946 619 1002 ἄγαλμα
647 945 788 1004 αὐτῷ,
811 950 1020 992 τοιοῦτον
1047 952 1250 1006 ἐφέστιον
1280 949 1441 1004 ἵδρυμα
1466 953 1512 992 ἐν
1538 951 1656 1003 οἰκίᾳ

400 1078 440 1110 P.
466 1078 545 1112 931.

308 1125 390 1155 dnm
426 1134 497 1155 non
522 1128 589 1166 est,
622 1124 683 1155 sed
708 1130 803 1155 caret
832 1124 985 1155 omnium
1010 1123 1168 1154 codicum
1196 1123 1471 1156 confirmatione.

308 1177 342 1202 et
366 1169 572 1202 Schneider.
598 1171 814 1209 scripserunt
841 1166 944 1210 αὐτῷ.

401 1214 606 1256 ἐφέστιον
642 1214 815 1256 ἵδρυμα]
849 1216 884 1246 V.
912 1215 1044 1256 οἴκημα.
1064 1213 1134 1247 Sed
1162 1217 1198 1246 A.
1229 1212 1266 1248 Ω.
1295 1225 1324 1245 v,
1350 1215 1374 1249 f.
1401 1225 1427 1246 r.
1452 1225 1485 1246 x.
1513 1225 1543 1247 a.
1569 1225 1597 1247 c.
1623 1212 1651 1246 δ.

309 1273 339 1294 o.
367 1263 522 1294 unanimi
548 1263 782 1294 consensione
808 1259 944 1303 ἵδρυμα.

595 1075 755 1118 ἄγαλμα
781 1073 908 1120 αύτῷΙ
937 1077 979 1108 V.
1006 1073 1135 1113 αὐτῶν,
1162 1077 1256 1118 qnod
1281 1087 1344 1117 per
1369 1087 1406 1109 se
1431 1082 1654 1109 contemnen-

1522 1124 1652 1156 Baiter.

311 1375 388 1406 ioco
415 1376 608 1416 excerpsit,
633 1377 681 1407 ita
713 1385 801 1416 quae
828 1385 946 1407 excer-

308 1428 367 1463 pta
398 1423 511 1462 dedit,
551 1432 614 1453 suo
647 1422 751 1453 modo
785 1422 946 1462 variavit,

308 1469 433 1500 demtis
459 1468 634 1500 additisve
659 1468 720 1507 iis,
757 1478 845 1508 quae
870 1469 946 1508 ipse

307 1515 424 1546 demta
463 1515 627 1546 additave
664 1520 818 1555 cuperet.
875 1514 944 1546 Ve-

307 1571 383 1592 rum
402 1561 444 1592 de
463 1561 612 1601 singulis
636 1561 761 1591 ordine
779 1561 944 1601 deinceps

307 1607 514 1645 videbimus,
537 1608 588 1638 ita
613 1607 774 1647 quidem,
800 1611 837 1637 ut
862 1616 942 1638 con-

307 1655 459 1684 iecturas
494 1653 831 1684 Winckelmanni
879 1663 942 1685 suo

306 1708 480 1740 quamque
506 1699 584 1730 loco
612 1708 864 1730 enumeremus.

351 1767 576 1809 φρονῆσαι
604 1764 646 1798 δὲ
667 1765 817 1807 χρὴ-]
838 1766 942 1797 Haud

304 1814 376 1845 scio
403 1824 446 1845 an
473 1814 717 1854 corrigendum
743 1813 789 1845 sit
809 1812 942 1854 νοῆσαι.

305 1860 439 1891 Deinde
470 1860 545 1891 sine
576 1859 796 1890 dubitatione
828 1863 943 1890 sustu-

304 1906 405 1937 iimns
442 1915 577 1937 comma
610 1906 716 1945 vulgo
751 1905 840 1936 male
864 1910 947 1946 post

303 1950 491 1992 γενόμενον
520 1952 740 1983 inculcatum.
791 1951 943 1991 Iungen—

302 1998 380 2029 dem
406 1999 514 2029 enim.-
543 1995 728 2038 γενόμενον
754 1993 796 2028 ἂν
824 1992 944 2038 ὀρθῶς

304 2042 591 2085 συντεταγμένον,
622 2043 656 2074 h.
683 2053 712 2074 e.
750 2038 871 2083 ὀρθῶς
899 2038 942 2074 ἃν

304 2089 541 2130 συντετάχθαι.
591 2088 728 2130 Quippe
753 2086 942 2130 γενόμενον

303 2134 572 2177 συντεταγμένον
607 2136 727 2166 eadem
770 2135 846 2174 lege
887 2135 940 2166 di-

303 2188 414 2221 ctum,
451 2192 519 2222 qua
543 2180 726 2223 γίγνεσθαι
759 2191 835 2212 ειιιιι
862 2191 940 2222 par-

302 2229 432 2270 ticipiis
454 2228 538 2259 alibi
555 2229 644 2259 solet
669 2227 878 2281 consociari,
904 2232 942 2257 ut

306 2276 344 2310 V,
375 2285 409 2316 p.
442 2272 520 2308 737.
554 2273 593 2305 C.
632 2267 772 2315 γίγνοιτ
811 2269 852 2304 ἄν
890 2273 940 2304 λε·

301 2321 409 2363 χθείς.
435 2321 480 2355 ai,

369 2390 410 2422 P.
448 2389 528 2423 931.
589 2388 664 2419 τῶν
700 2384 733 2419 δ’
769 2385 942 2419 εἰκόνας

303 2432 526 2478 ἀγάλματα
573 2433 677 2476 ίδρ.]
728 2434 940 2466 aliorum

304 2492 407 2513 vero
465 2481 647 2513 colimus
702 2481 937 2521 imagines,

303 2528 471 2568 positis
513 2537 605 2558 cum
648 2528 938 2558 veneratione

302 2574 570 2605 simulacris.
630 2571 870 2612 Repetendnm
904 2582 935 2604 e·

302 2620 373 2651 nim
399 2624 451 2650 est
475 2619 626 2657 τιμῶμεν.
661 2619 812 2650 Verbum
839 2614 937 2659 ἀγάλ-

302 2666 370 2696 lm
400 2663 590 2697 Grammat.
618 2675 673 2705 ap.
701 2664 862 2697 Creuzer.
895 2664 939 2696 ad

303 2711 433 2744 Plotin.
480 2711 534 2742 De
572 2710 765 2742 Pulcritud.
803 2721 834 2751 p.
861 2709 938 2744 370.

302 2762 551 2800 interpretatur
578 2766 638 2798 per
671 2756 776 2796 τιμᾶν,
836 2755 939 2794 Quod

1015 1384 1159 1415 prorsus
1185 1375 1220 1406 in
1255 1373 1346 1406 hunc
1382 1374 1495 1406 locum
1528 1385 1652 1407 conve-

1015 1422 1075 1452 nit.
1117 1421 1286 1452 Pleniora
1312 1421 1409 1452 dedit
1433 1420 1650 1452 Ruhnken.

1015 1467 1060 1498 ad
1092 1467 1184 1498 Tim.
1211 1477 1243 1508 p
1270 1465 1292 1500 4
1318 1477 1394 1508 sqq.
1456 1467 1541 1498 Post
1570 1465 1652 1498 ἑκεί-

1014 1522 1099 1544 νους
1114 1514 1207 1554 qnod
1223 1523 1285 1553 per
1297 1513 1556 1567 apposxtionem
1575 1513 1654 1545 sub-

1013 1561 1097 1600 iung,
1087 1561 1189 1590 itur:
1226 1556 1308 1590 τοὺς
1332 1552 1504 1599 ἐμψύχους
1531 1556 1653 1593 θεούς,

1013 1607 1192 1646 attigimus
1226 1606 1317 1636 hunc
1348 1615 1448 1636 usum
1483 1605 1652 1646 loquendi

1012 1653 1057 1683 ad
1083 1650 1193 1690 Gorg.
1220 1661 1251 1691 p.
1269 1650 1348 1684 476.
1375 1651 1416 1682 1⁴..
1432 1650 1511 1685 501.
1533 1653 1578 1683 A.
1605 1651 1650 1682 al.

1013 1697 1102 1729 conf.
1132 1697 1346 1728 Matthiae
1368 1695 1429 1727 Gr.
1454 1696 1484 1736 ἓ.
1511 1695 1590 1730 288.
1615 1696 1648 1731 5.

1016 1744 1126 1775 Prave
1143 1743 1246 1782 vulgo
1264 1743 1357 1774 istud
1375 1739 1457 1773 τούς
1477 1740 1652 1782 ἐμψύχους

1011 1786 1157 1828 ‹Jeov‘sNJ
1177 1789 1339 1829 neglecta
1368 1789 1651 1830 interpunctione

1012 1846 1087 1866 cuni
1124 1835 1260 1876 reliqna
1291 1835 1451 1866 oratione
1483 1835 1520 1865 in
1545 1845 1651 1866 unum

1011 1881 1248 1912 confunditur.
1331 1880 1401 1911 Pio
1466 1877 1650 1921 ἡγούμεθα

1011 1927 1112 1958 codd.
1139 1927 1281 1980 quidam
1307 1925 1452 1958 Stobaei
1477 1922 1518 1968 ἦν
1524 1924 1649 1967 η’μεθα.

1058 1971 1188 2013 πατὴρ
1233 1966 1308 2003 οὖν
1349 1969 1433 2014 ὅτῳ
1470 1973 1535 2003 καὶ
1581 1970 1648 2013 μή-

1013 2020 1105 2060 τηρ]
1133 2018 1364 2050 observanda
1388 2019 1571 2060 synchysis
1595 2024 1650 2051 est

1010 2076 1072 2106 pro
1112 2061 1178 2107 ὅτῳ
1212 2059 1276 2095 οὖν
1311 2062 1419 2106 πατὴρ
1453 2064 1508 2095 καὶ
1539 2062 1648 2106 μήτηρ

1012 2123 1041 2142 κ.
1069 2122 1093 2142 τ.
1121 2111 1145 2142 λ.
1167 2129 1207 2133 —
1237 2113 1392 2141 κεῖνται
1422 2108 1646 2151 κειμήλιοι,

1010 2162 1175 2198 tanquam
1196 2156 1351 2188 thesauri
1367 2157 1508 2197 qnidam
1526 2166 1647 2189 recon-

1010 2204 1084 2234 diti.
1114 2220 1150 2226 --
1187 2202 1256 2233 Pro
1283 2199 1417 2242 ἇ)αλμα
1437 2198 1536 2255 αυτῷ
1566 2203 1646 2234 vide

1010 2259 1054 2280 an
1077 2253 1229 2290 praestet
1254 2245 1384 2288 ἅ>αλμα
1401 2243 1525 2279 αυττῦν.
1552 2247 1646 2279 Bai-

1009 2300 1073 2326 ter
1084 2305 1127 2326 ns
1155 2295 1297 2325 coniicit
1322 2289 1424 2324 αὑτῶ.
1473 2293 1648 2326 Nimirum

1009 2340 1123 2372 αυιών
1159 2350 1228 2371 ιιοιι
1265 2350 1307 2371 ex
1343 2338 1473 2380 ἇ)αλμα
1507 2340 1646 2381 pendet,

1009 2387 1071 2419 sed
1096 2396 1138 2418 ex
1166 2386 1290 2425 μᾶλλον
1318 2384 1450 2427 κόριον.
1497 2386 1562 2418 Est
1585 2396 1646 2418 au-

1009 2439 1075 2464 tem
1115 2432 1239 2471 μᾶλλον
1276 2429 1398 2472 κύριον
1440 2441 1510 2463 non
1549 2442 1645 2472 pro-

1007 2479 1146 2520 prium
1176 2485 1217 2510 et
1243 2489 1406 2518 verum,
1431 2483 1469 2508 ut
1493 2478 1644 2509 Astius

1007 2525 1169 2565 explicat.
1197 2524 1258 2556 scd
1283 2525 1400 2566 potius
1426 2527 1579 2564 potens
1604 2529 1646 2555 et

1007 2571 1188 2607 efficax,
1227 2576 1263 2601 nt
1303 2570 1464 2611 proxima
1508 2569 1644 2601 docent.

1007 2617 1100 2648 conf.
1127 2627 1159 2658 p.
1183 2616 1262 2651 931.
1288 2617 1328 2647 Ε.
1376 2615 1468 2647 Dein
1487 2615 1583 2647 istud
1608 2614 1645 2646 ἐν

1009 2662 1098 2704 οἰκίᾳ
1124 2668 1204 2704 post
1229 2661 1389 2702 ἐφέστιον
1415 2658 1540 2702 ἵδρυμα
1564 2660 1641 2693 Co-

1008 2710 1133 2740 betus
1168 2709 1264 2740 Varr.
1302 2708 1413 2740 Lectt.
1439 2717 1472 2749 p.
1503 2706 1582 2741 232.
1610 2712 1643 2739 et

1008 2754 1125 2786 Novv.
1161 2755 1272 2787 Lectt.
1304 2765 1336 2796 p.
1362 2752 1416 2788 88.
1443 2763 1486 2785 ex
1509 2753 1641 2794 glosse-
