1781 2971
173 133 258 176 DE
292 133 567 178 LEGIBUS
599 132 719 176 LIB.
752 132 836 175 XI.
871 134 920 176 P.
955 137 1050 177 9²20.
1085 135 1180 179 921.
1214 134 1278 179 St.
1338 137 1419 179 273

58 244 122 293 ὦν
161 248 219 293 ἂν
255 248 336 294 τὸν
371 249 555 295 ἐκδόντα
594 250 841 312 ψεύσηται,
886 252 957 293 καὶ
1005 251 1142 295 πάλιν
1188 253 1231 304 ἐξ
1277 251 1420 308 ἀρχῆς

57 323 102 359 εν
142 320 202 371 τῷ
239 316 430 374 ῥηθέντι
462 316 611 374 χρόνῳ
648 326 812 375 προῖκα
845 319 1157 373 ἐξεργαζέσθω.
1192 317 1416 362 καὶάναι·

59 400 258 439 ρουμενῳ
297 385 336 427 δ’
377 388 508 440 ἔργον
544 383 871 440 ξυμβουλευτὴς
892 384 1041 441 νόμος,
1076 384 1191 443 ἅπερ
1228 390 1288 441 τῷ
1325 403 1414 430 πω-

56 453 212 494 λοῦντι
259 452 571 506 ξυνεβούλευε,
618 450 677 507 μὴ
730 456 915 502 πλέονος
961 454 1095 507 τιμᾶν
1130 454 1416 510 διαπειρώμε-

58 535 163 569 νον,
209 517 308 561 ἀλλ’
363 517 421 568 ὡς
472 517 763 562 ἁπλούστατα
811 521 890 572 τῆς
938 517 1089 570 ἀξίας,
1144 519 1311 563 ταύτὸν
1363 519 1416 572 δὴ

56 584 320 639 προςτάττει
356 587 429 628 καὶ
466 587 525 639 τῷ
564 585 895 643 ἀναιρουμένῳ·
933 586 1155 640 γιγνώσκει
1191 586 1276 644 γάρ
1310 586 1332 630 ὅ
1370 605 1417 641 γε

57 651 326 709 δημιουργὸς
363 650 443 705 τὴν
480 652 628 704 ἀξίαν.
663 657 709 696 ἐν
747 655 994 708 ἐλευθέρων
1030 645 1112 695 οὗν
1146 652 1326 697 πόλεσιν
1363 653 1416 697 οὐ

56 719 109 771 δή
148 737 253 763 ποτε
281 718 364 774 χρὴ
404 725 542 778 τέχνῃ,
578 727 712 776 σαφεῖ
747 736 790 761 τε
829 720 902 761 καὶ
920 717 1109 778 ἀψευδεῖ
1143 719 1266 778 φύσει
1304 720 1416 777 πρά·

54 803 200 842 γματι,
237 787 574 841 διαπειρᾶσθαι,
615 789 704 827 τῶν
740 788 926 828 ἰδιωτῶν
964 786 1234 840 τεχνάζοντα
1272 786 1416 830 αὐτὸν

55 851 137 896 τὸν
168 853 461 908 δημιουργόν·
513 855 636 902 δίκας
682 855 727 896 δὲ
773 852 885 895 εἶναι
915 852 1090 896 τούτων
1127 856 1187 908 τῷ
1225 853 1415 897 ἀδικου-

51 924 166 975 μένῳ
207 917 318 975 πρὸς
354 918 434 963 τὸν
469 919 729 964 ἀδικοῦντα.
764 917 844 962 ἐὰν
882 922 926 963 δέ
959 937 1026 970 τις
1055 920 1208 971 ἐκδοὺς
1243 914 1300 964 αὖ
1337 924 1412 974 δη·

53 989 249 1043 μιουργῷ
285 984 342 1041 μὴ
387 986 546 1041 ἀποδῷ
584 985 687 1038 τοὺς
721 985 920 1044 μισθοὺς
960 985 1119 1042 ὀρθῶς
1166 987 1280 1031 κατα
1327 986 1411 1041 τὴν

53 1058 243 1109 ἔννομον
275 1052 520 1110 ὁμολογίαν
557 1059 820 1109 γενομένην,
857 1056 938 1098 Δία
975 1056 1020 1097 δὲ
1057 1057 1304 1111 πολιοῦχον
1339 1058 1413 1099 καὶ

50 1121 259 1174 Ἀθηνᾶν
304 1119 544 1172 κοινωνοὺς
588 1123 810 1172 πολιτείας
839 1120 1092 1177 ἀτιμάζων,
1136 1121 1280 1180 βραχὺ
1320 1127 1412 1178 κερ·

55 1192 130 1239 δος
165 1189 381 1243 ἀγαπῶν,
417 1187 498 1250 λύῃ
535 1187 733 1243 μεγάλας
766 1192 1020 1241 κοινωνίας,
1067 1188 1208 1245 νόμος
1243 1188 1266 1234 ὁ
1303 1191 1412 1246 βοη-

56 1257 159 1299 θῶν
202 1258 310 1299 ἔστω
360 1256 420 1310 τῷ
465 1257 545 1307 τῆς
579 1255 747 1306 πόλεως
778 1256 996 1311 ξυνδέσμῳ
1040 1254 1150 1312 μετὰ
1189 1257 1328 1301 θεῶν.
1364 1255 1414 1309 ὃς

54 1321 138 1380 γὰρ
176 1320 234 1365 ἂν
272 1321 669 1382 προαμειψάμενος
712 1324 842 1377 ἔργον
877 1321 1078 1378 μισθοὺς
1112 1322 1172 1379 μὴ
1209 1323 1411 1379 ἀποδιδῷ

52 1395 99 1433 ὲν
139 1388 318 1447 χρόνοις
362 1396 454 1440 τοῖς
491 1388 835 1445 ὁμολογηθεῖσι,
876 1392 1064 1434 διπλοῦν
1112 1394 1411 1449 πραττέσθω·

146 1565 182 1598 P.
208 1566 287 1600 921.
335 1569 389 1609 τῷ
421 1569 471 1608 νῷ
500 1566 688 1608 βλέπων]
723 1567 868 1599 κλέπτων
901 1567 1007 1599 Voss.
1037 1577 1069 1600 x.
1118 1566 1212 1599 Idem
1242 1577 1322 1600 mox
1349 1576 1410 1609 pro

53 1611 285 1655 ἐξεργαζέσθω
313 1610 413 1645 habet
439 1612 696 1654 ἐξεργάζεσθαι.

147 1658 186 1690 Β,
235 1656 401 1691 ταύτὸν
426 1656 798 1702 δήιπροςτιίττει]
825 1656 1052 1701 προςτάττειν
1082 1658 1181 1690 Voss.
1210 1668 1243 1691 x.

51 1794 155 1836 noph.
193 1794 299 1827 Mem.
334 1794 374 1826 11.
403 1794 441 1834 6,
469 1794 525 1829 26.
562 1794 695 1827 Elms-

53 1841 120 1874 lei.
171 1840 213 1872 ad
265 1841 384 1882 Eurip.
436 1840 613 1873 Heraclid.
666 1852 695 1872 v.

53 1886 132 1921 693.
160 1887 202 1918 al.

100 1954 141 1986 Ρ.
165 1953 245 1988 921.
299 1951 375 1985 τὸν
406 1952 637 1996 βιοδότην]
670 1954 695 1987 Ι.

52 2011 84 2042 q.
111 1999 316 2042 βιοὸοτῆρα.

123 2066 334 2110 δεύτερον
388 2067 429 2099 δὲ
483 2066 695 2110 ἑπόμενος

52 2112 166 2156 affre?
200 2112 332 2155 νόμος
364 2112 414 2156 κ.]
457 2112 617 2146 deiude
657 2113 693 2145 ei

52 2159 327 2192 conveniens
394 2160 458 2191 lex
523 2160 695 2200 scripta

53 2211 168 2238 esto:
195 2205 386 2247 pretium
423 2215 597 2247 operum
626 2204 694 2238 de-

52 2251 176 2291 beto‚
209 2249 259 2283 de
288 2251 449 2292 quibus
477 2261 590 2291 eum,
623 2251 693 2292 qui

52 2296 295 2332 locaverit,
349 2295 597 2336 fefellerit,
655 2301 696 2329 et

53 2351 200 2374 rursus
255 2341 305 2373 ab
357 2341 527 2375 initio
577 2342 696 2374 dicto

51 2388 250 2430 tempore
288 2388 430 2428 gratis
472 2388 695 2421 conficito.

52 2434 143 2467 conf.
171 2444 203 2475 p.
229 2432 309 2466 920.
339 2434 377 2464 Α.
411 2434 578 2479 nbijtem
612 2439 694 2475 post

52 2478 160 2521 νόμος
186 2488 251 2510 non
270 2477 424 2511 additum
450 2481 569 2514 οὗτος.
601 2480 693 2512 Ver-

52 2526 130 2558 bum
162 2522 338 2556 ἐκδιδόναι
364 2525 406 2556 de
433 2535 493 2564 eo,
528 2527 585 2566 qui
611 2525 692 2567 quid

50 2572 172 2603 locat
198 2569 405 2609 faciendum,
432 2571 606 2611 proprium
627 2576 694 2612 est,

51 2615 346 2659 quemadmodum
363 2616 512 2656 ἐκλαβεῖν
527 2618 578 2649 vel
593 2613 692 2648 α’ναι-

53 2665 218 2706 ριῖσθᾳι,
268 2660 547 2702 conducere,
585 2662 692 2694 redi-

52 2718 184 2746 mere,
217 2706 376 2739 dicuntur
407 2707 523 2749 operis
551 2708 693 2740 alicuius

99 2763 190 2796 Plat.
217 2763 306 2805 Opp.
334 2764 416 2797 Vol.
439 2763 482 2796 X.
509 2763 600 2796 Sect.
625 2764 693 2796 111.

765 1793 1003 1834 redemtores3
1037 1805 1068 1825 v.
1102 1793 1330 1827 Heindorf.
1368 1794 1410 1827 ad

763 1839 965 1872 Parmenid.
999 1850 1030 1879 p.
1057 1840 1136 1873 127.
1171 1844 1211 1875 A.
1245 1843 1301 1882 qui
1339 1843 1410 1873 nau·

764 1886 825 1919 dat
852 1886 953 1918 etiam
981 1885 1188 1919 Perizon.
1214 1887 1256 1919 ad
1277 1888 1412 1921 Aeliae.

766 1932 863 1964 Varr.
893 1932 984 1964 Hist.
1002 1931 1094 1964 XlV.
1117 1932 1174 1967 15.
1223 1933 1281 1965 Sic
1304 1934 1409 1966 etiam

765 1988 798 2019 p.
823 1976 902 2011 921.
932 1977 971 2008 Β.
1000 1976 1039 2008 C.

838 2023 876 2054 Β.
950 2023 1278 2065 διαπειρᾶσθαι
1325 2025 1411 2054 τῶν

764 2069 945 2100 ἰδιωτῶν
973 2068 1032 2109 -]
1060 2069 1309 2110 imperitos
1334 2070 1410 2110 (ar-

763 2116 808 2146 tis
836 2118 870 2145 et
903 2115 1039 2155 operis)
1075 2119 1255 2146 tentare
1288 2115 1409 2146 frau-

765 2160 896 2192 dibus
945 2170 989 2191 ac
1027 2160 1247 2193 fallaciis.
1315 2160 1410 2192 Inest

763 2207 797 2238 in
825 2205 875 2237 his
903 2206 1036 2238 verbis:
1071 2209 1202 2246 τέχνῃ
1226 2207 1410 2249 διαπειρᾶ-

765 2253 854 2284 σθαι
879 2250 1152 2291 τεχνάζοντα
1182 2253 1321 2293 elegans
1347 2261 1410 2293 pa-

764 2298 973 2330 ronornasia.

810 2344 850 2375 C.
913 2340 958 2379 ὃς
996 2339 1078 2384 γὰρ
1118 2341 1166 2373 ἂν
1205 2353 1408 2384 προαμει-

765 2387 985 2430 ψάμενος]
1019 2390 1277 2429 quicunque
1309 2398 1408 2429 ope-

764 2444 807 2466 re
833 2433 1278 2476 praeoccupato(h.e.
1311 2438 1408 2466 ante

763 2482 963 2512 solutam
1004 2480 1232 2520 pecuniam
1266 2480 1407 2513 veluti

763 2525 878 2558 facta
918 2526 1246 2567 permutatione
1276 2536 1406 2558 acce-

762 2574 847 2614 pto)
874 2570 1116 2604 mercedem
1152 2581 1231 2603 non
1264 2573 1409 2604 solve-

763 2618 839 2658 rit,
896 2618 948 2648 ab
995 2627 1042 2649 eo
1093 2617 1251 2658 duplex
1297 2627 1406 2650 mer-

762 2673 835 2695 ces
873 2663 1076 2705 exigitor.
1134 2662 1220 2696 Nam
1262 2664 1408 2706 πραιιέ-

763 2712 840 2740 σθω
868 2710 1005 2750 passive
1031 2708 1173 2749 dictum,
1203 2709 1246 2740 de
1262 2719 1332 2751 quo
1348 2718 1411 2741 usu

1092 2765 1199 2806 18-

1452 387 1490 429 Β
