1781 2971
253 132 333 173 256
674 177 678 183 ,
770 124 1146 168 PLATONIS

254 245 279 297 ἢ
315 247 387 288 καὶ
421 240 618 297 πράσεως
652 239 918 284 ἀλλάττεταί
951 256 1016 289 τις
1052 243 1198 296 ἔτερος
1237 236 1379 294 ἄλλῳ,
1426 238 1609 283 διδόντα

253 319 299 355 ὲν
327 311 451 366 χώρᾳ
488 311 538 369 τῇ
577 311 813 367 τεταγμένῃ
850 305 1053 355 ἑκάστοις
1089 305 1178 348 κατ’
1222 304 1398 363 ἀγορὰν
1434 308 1507 350 καὶ
1544 307 1611 349 δε-

250 377 440 434 χόμενον
483 381 528 417 ἐν
561 376 621 429 τῷ
659 375 930 429 παραχρῆμα
967 371 1099 427 τιμὴν
1124 371 1265 423 οὕτως
1289 371 1611 423 ἀλλάττεσθαι,

256 444 429 488 ἄλλοθι
463 445 508 486 δὲ
544 443 752 495 μηδαμοῦ
787 438 889 495 μηδ’
940 442 1010 482 ἐπὶ
1058 437 1260 500 ἀναβολῇ
1307 441 1471 495 πρᾶσιν
1505 442 1613 493 μηδὲ

253 512 373 564 ὠνὴν
408 510 644 552 ποιεῖσθαι
677 508 878 562 μηδενός.
922 505 1001 549 ἐὰν
1039 508 1084 549 δὲ
1129 506 1272 556 ἄλλως
1317 504 1342 558 ἢ
1379 511 1425 548 ὲν
1463 503 1616 556 ἄλλοις

255 577 409 628 τόποις
443 576 595 620 ὁτιοῦν
632 573 741 617 ἀνθ’
783 573 975 618 ὁτουοῦν
995 575 1272 628 διαμείβηται
1302 577 1447 629 ἕτερος
1481 569 1614 626 ἄλλῳ,

255 646 470 688 πιστεύων
501 642 612 697 πρὸς
650 639 702 685 ὃν
738 639 796 683 ἂν
833 640 1130 696 ἀλλάττηται,
1170 643 1344 683 ποιείτω
1381 642 1523 682 ταῦτα
1559 637 1618 690 ὡς

256 712 337 757 οὐκ
374 711 517 756 οὐσῶν
556 710 687 751 δικῶν
723 706 835 750 κατὰ
886 707 1027 763 νόμον
1065 710 1161 763 περὶ
1200 709 1287 750 τῶν
1319 708 1378 763 μὴ
1415 709 1612 762 πραθέν-

258 797 344 822 των
387 776 500 822 κατα
547 769 731 818 τὰνῦν
777 773 1004 830 λεγόμενα.
1072 773 1264 829 Ἐρανων
1299 776 1343 817 δὲ
1379 777 1494 829 πέρι,
1540 772 1618 816 τὸν

258 845 536 902 βουλόμενον
570 845 782 899 ἐρανίζειν
819 844 952 900 φίλον
988 841 1108 896 παρὰ
1147 843 1314 900 φίλοις·
1361 841 1438 884 ἐὰν
1473 843 1517 884 δὲ
1553 857 1619 890 τις

350 1020 390 1052 D.
419 1015 679 1051 ἁλλᾰιτεταί
708 1030 774 1054 τις
798 1017 972 1061 ἕτερος]
1009 1014 1222 1058 ἀλλάττηται
1254 1015 1462 1049 A.h.x.a.‹5.
1497 1019 1533 1048 et
1568 1025 1617 1058 pr.

257 1068 305 1099 Ω.
334 1065 433 1098 maie.
460 1075 492 1097 v.
517 1065 560 1098 ad
591 1065 683 1098 Vlll.
710 1063 790 1099 847.
821 1063 861 1096 E.
888 1063 947 1096 ΧΙ.
973 1063 1053 1097 921.
1082 1063 1120 1094 C.

352 1112 392 1144 P.
417 1110 498 1146 916.
532 1110 553 1152 »ἲ
583 1110 718 1143 λιθῶν
745 1107 767 1152 ἤ
800 1109 994 1153 organa]
1034 1107 1072 1140 V.
1110 1107 1259 1148 λιθιῶν,
1290 1107 1384 1150 quod
1419 1106 1618 1140 Winckehn.

262 1247 466 1282 minuendae
488 1246 690 1288 litigationis
716 1246 842 1289 gratia,
873 1249 911 1277 ut

263 1305 304 1327 ne
329 1295 419 1326 actio
445 1293 484 1325 iis
509 1292 609 1326 detur
631 1294 795 1333 negotiis,
822 1300 910 1332 quae

263 1346 361 1374 extra
393 1339 506 1372 forum
537 1339 593 1370 vei
628 1340 770 1380 pecunia
809 1347 908 1378 prae-

264 1388 354 1419 senti
395 1395 462 1418 non
510 1390 689 1416 numerata
732 1386 911 1416 contracta

267 1435 348 1471 sint,
373 1431 406 1463 id
428 1431 704 1463 Platnerusi.
726 1440 754 1463 c.
779 1440 810 1471 p.
831 1428 910 1463 341.

266 1478 388 1510 docuit
424 1477 542 1517 utique
590 1477 632 1508 ab
674 1477 749 1509 iure
792 1476 912 1508 Attico

266 1525 415 1556 alienum
454 1533 545 1562 esse,
576 1523 771 1554 consentire
795 1527 913 1554 autem

267 1580 343 1603 cum
367 1571 446 1610 lege
472 1567 703 1607 Thuriorum,
727 1577 827 1609 qnam
855 1567 913 1599 ha—

268 1617 327 1648 bet
365 1614 593 1647 Stobaeus
639 1614 751 1646 Serm.
793 1613 914 1645 XLII.

269 1661 446 1694 Mercibus
478 1669 560 1692 vero
603 1659 711 1692 fuisse
745 1659 849 1691 etiam
883 1658 915 1690 in

269 1707 346 1739 foro
373 1706 489 1738 Attico
522 1715 620 1737 suum
655 1705 778 1746 cuique
802 1705 915 1736 locum

269 1753 503 1795 assignatum,
542 1751 573 1783 id
601 1761 662 1793 pro
688 1755 785 1783 certo
812 1749 916 1782 habe-

270 1804 347 1838 tur3
378 1808 407 1829 r.
433 1797 618 1829 Meursii
636 1799 744 1830 Lectt.
763 1799 833 1828 Att.
856 1795 916 1827 VI.

271 1844 326 1889 24.
356 1844 537 1876 Becker.
563 1842 712 1875 Charici.
739 1843 767 1874 Ι.
791 1853 821 1883 p.
849 1840 916 1875 268

271 1901 324 1932 sq.
368 1890 413 1922 al.
456 1890 558 1930 idque
598 1889 707 1931 ipsum
743 1889 845 1921 Plato
882 1888 917 1918 in

271 1947 334 1968 sua
365 1935 505 1968 civitate
543 1934 593 1966 sic
624 1935 772 1966 instituit
813 1934 917 1966 etiam

274 1983 368 2014 Libr.
404 1981 508 2015 VIII.
551 1990 582 2021 p.
615 1979 694 2015 849.
731 1980 821 2012 D.E.
863 1979 919 2011 ubi

273 2027 441 2070 praecipit
471 2028 572 2064 item,
610 2031 649 2058 ut
681 2037 723 2059 ne
756 2027 846 2058 aiter
869 2027 919 2058 ai·

272 2074 334 2106 teri
375 2083 446 2104 rem
481 2071 596 2104 tradat
632 2072 704 2104 siue
746 2072 920 2113 praesenti

273 2119 436 2162 pecunia3
466 2117 618 2158 alioquin
651 2118 736 2149 enim
773 2117 836 2159 ipsi
862 2127 920 2149 ac-

271 2164 520 2208 quiescendum
548 2163 622 2196 fore
652 2161 696 2199 ὡς
727 2159 848 2194 ου’κέτι
873 2163 920 2195 δι’·

274 2223 332 2252 κης
356 2209 464 2250 οὔσης
478 2213 546 2241 τῶν
565 2207 735 2240 τοιούτων
752 2210 827 2252 πέρι
846 2209 919 2244 ξυν-

275 2255 456 2292 αλλάξεων.
506 2256 557 2287 De
581 2254 669 2296 ἄλλῳ
698 2265 775 2287 curn
806 2254 919 2297 ἕτερος

275 2304 461 2336 coniuncto
488 2311 518 2333 v.
546 2300 629 2335 ibid.
657 2311 689 2343 p.
714 2301 794 2335 849.
820 2300 918 2332 E.—

277 2348 331 2381 ἐπιὶ
353 2347 536 2389 ἀντιβολῇ,>
562 2357 606 2379 ea
641 2347 920 2386 conditione,

277 2400 321 2427 ut
347 2393 587 2426 differatur
615 2393 832 2434 pecuniae
858 2402 921 2424 so-

279 2440 403 2474 lutio.
431 2458 473 2462 —
499 2437 728 2470 πιστεύειν
750 2435 922 2482 πρόςιῖν

277 2485 389 2525 0³22„
426 2484 555 2517 fidem
582 2483 748 2517 habens
781 2495 809 2518 s.
831 2493 921 2516 cre-

279 2533 384 2564 dens
410 2531 460 2570 ei,
487 2539 673 2571 quocum
698 2530 922 2573 negotium

283 2581 473 2611 exercen

325 2623 367 2654 E.
397 2620 579 2663 Ἐράνων
615 2621 658 2653 δὲ
692 2622 810 2664 πέρι,
853 2618 927 2651 τάν

279 2668 399 2710 (iovi.
415 2667 474 2709 --]
505 2667 570 2699 Hic
595 2677 734 2709 quoque
759 2664 839 2708 περὶ
864 2676 923 2707 ρο-

280 2716 383 2747 situm
410 2714 568 2746 absolute
595 2718 660 2751 est,
686 2717 723 2745 ut
737 2711 922 2754 significet:

979 1242 1093 1285 quod
1124 1243 1287 1276 attinet
1328 1242 1380 1276 ad
1413 1242 1624 1285 pecuniae

980 1289 1281 1328 coilationes3
1316 1289 1360 1322 de
1384 1299 1454 1330 quo
1480 1298 1545 1321 usu
1568 1289 1624 1320 lo-

979 1335 1104 1376 quendi
1131 1345 1160 1369 v.
1186 1335 1228 1367 ad
1256 1334 1404 1368 Phaedr.
1430 1346 1462 1377 p.
1483 1334 1563 1369 250.
1582 1333 1623 1366 C.

981 1381 1126 1414 Tiieaet.
1155 1392 1186 1422 p.
1214 1381 1293 1416 179.
1321 1381 1361 1413 E.
1390 1381 1475 1413 infra
1491 1390 1524 1424 p.
1545 1380 1623 1414 932.

982 1427 1022 1460 Ε.
1053 1428 1098 1460 al.
1118 1424 1290 1469 ’Έρανος
1319 1427 1499 1460 dicebatur
1524 1436 1626 1469 pecu-

981 1473 1047 1512 nia,
1072 1483 1169 1515 quam
1196 1471 1521 1506 ditiores'soiebant
1546 1482 1627 1505 con-

982 1519 1073 1552 ferre
1109 1518 1153 1550 ad
1194 1519 1344 1561 inopiam
1385 1519 1626 1561 pauperiorum

982 1564 1184 1605 levandam,
1228 1576 1268 1598 ea
1301 1565 1441 1606 quidem
1482 1566 1559 1610 iege
1591 1569 1628 1597 et

984 1610 1191 1650 conditione,
1217 1615 1257 1645 ut
1282 1612 1309 1643 si
1335 1612 1461 1643 melior
1479 1612 1530 1643 eis
1557 1609 1628 1643 for-

984 1661 1066 1689 tuna
1094 1657 1309 1698 contigisset,
1337 1657 1518 1698 pecuniam
1544 1656 1629 1698 ipsis

984 1703 1099 1735 datam
1126 1712 1245 1735 rursus
1269 1703 1456 1736 solverent.
1475 1703 1556 1735 Fuit
1569 1711 1629 1734 au-

984 1753 1054 1781 tem
1081 1749 1227 1780 Athenis
1253 1748 1382 1790 duplex
1413 1751 1480 1780 τῶν
1503 1746 1631 1790 ἐράνων

985 1803 1105 1836 genus.
1131 1795 1276 1827 aiterum
1304 1796 1478 1836 privatum
1495 1795 1548 1826 vei
1569 1803 1629 1825 vo-

986 1839 1181 1880 luntarium,
1206 1841 1353 1873 alterum
1380 1841 1478 1872 civite
1495 1841 1548 1872 vei
1569 1849 1632 1881 pu·

987 1886 1124 1918 biicum.
1136 1886 1222 1919 iilud
1231 1887 1343 1919 locum
1356 1885 1516 1925 habebat,
1525 1895 1631 1927 quum

987 1942 1048 1974 pro
1075 1942 1228 1973 paupere
1243 1937 1277 1965 et
1300 1942 1411 1974 egeno
1426 1932 1541 1973 aliquo
1563 1930 1630 1974 pri-

988 1981 1068 2010 vata
1094 1978 1301 2011 auctoritate
1326 1978 1538 2020 erogabatur
1570 1987 1632 2020 pe-

989 2023 1110 2062 cunia3
1146 2023 1210 2056 hoc
1243 2024 1437 2061 obtinebat,
1471 2022 1581 2056 sicubi
1611 2033 1632 2055 a

988 2069 1145 2110 coiiegiis
1171 2070 1225 2102 vel
1253 2069 1424 2101 sodaiitiis
1455 2070 1523 2102 hoe
1548 2077 1631 2101 con-

985 2116 1064 2147 silio
1080 2116 1267 2147 contractis
1285 2124 1396 2157 egeno
1418 2116 1515 2148 socio
1529 2123 1631 2148 erana

986 2160 1307 2202 suppeditabantur.
1351 2160 1520 2193 Videntur
1547 2170 1632 2203 vero

986 2206 1114 2239 iudicia
1151 2210 1185 2239 et
1229 2207 1383 2239 actiones
1428 2206 1633 2239 eranisticae

987 2252 1031 2284 ad
1069 2252 1244 2294 posterius
1276 2252 1492 2294 potissimum
1524 2261 1632 2294 genus

987 2298 1207 2341 pertinuisse.
1237 2299 1324 2331 Rem
1341 2298 1445 2332 docte
1460 2307 1632 2339 exposue-

990 2349 1070 2377 runt
1102 2344 1346 2377 casaubon.
1378 2343 1423 2376 ad
1457 2342 1631 2386 Theophr.

989 2389 1148 2423 Charact.
1166 2400 1195 2424 c.
1217 2390 1296 2422 XV.
1315 2390 1564 2423 Salmasius
1583 2389 1634 2421 De

990 2446 1085 2469 usur.
1113 2436 1141 2467 Ι.
1168 2446 1198 2468 c.
1219 2439 1251 2472 3.
1280 2435 1372 2477 p.47
1385 2445 1457 2477 sqq.
1480 2434 1633 2467 Herai-

991 2482 1065 2514 dus
1099 2482 1202 2514 Obss.
1239 2482 1280 2513 ad
1317 2482 1374 2514 ius
1410 2483 1484 2514 Ait.
1514 2481 1573 2513 Vl.
1600 2479 1632 2514 3.

992 2532 1026 2561 et
1052 2529 1180 2560 Ianus
1210 2528 1290 2560 Pan
1327 2527 1416 2559 Diss.
1469 2527 1518 2559 De
1543 2527 1633 2568 grati

992 2574 1091 2606 animi
1128 2574 1252 2606 officiis
1287 2579 1392 2614 atque
1423 2575 1636 2613 ingratorum

995 2629 1104 2661 poena
1138 2620 1210 2651 iure
1244 2620 1365 2651 Attico
1398 2625 1431 2651 et
1467 2618 1636 2650 nomano.

997 2665 1153 2704 Lugdnu.
1183 2667 1245 2698 But
1275 2664 1378 2699 1809.
1403 2665 1436 2697 8.
1464 2674 1497 2706 p.
1524 2663 1635 2697 128-

995 2712 1072 2744 145.
1108 2713 1203 2744 -ircet
1235 2712 1336 2752 igitur
1371 2709 1593 2752 philosophus
1618 2720 1636 2740 n

1715 418 1732 614 ..ausa-“annm
1725 387 1730 395 -
1719 359 1730 377 .-
1716 296 1731 350 ..0³²
1716 88 1730 290 „mk-5
1717 0 1729 77 Q
