1781 2971
256 100 338 142 DE
374 99 643 143 LEGIBUS
678 100 795 142 LIB.
829 100 886 143 X.
921 101 965 142 Ρ.
1001 101 1094 142 902.
1129 98 1191 142 St.

64 220 138 260 καὶ
174 220 481 272 ἐπιμελεῖσθαι
520 220 606 260 τῶν
641 219 832 276 σμικρῶν
869 220 939 260 καὶ
979 217 1139 271 ὀλίγων
1171 219 1301 258 παντὶ
1337 215 1418 272 ῥᾳ-

64 301 116 327 ον
153 280 178 336 ἢ
215 285 302 326 τῶν
339 288 559 328 ἐναντίον.

161 351 267 393 ΚΛ.
345 353 435 394 Καὶ
470 350 583 395 πολύ
620 369 682 406 γε.

163 417 263 460 ΑΘ.

60 482 206 527 πεύειν
259 486 512 540 βουλομένῳ
567 487 640 529 καὶ
693 488 920 540 δυναμένῳ
964 485 1051 526 τῶν
1084 486 1164 538 μὲν
1212 484 1412 539 μεγάλων

57 553 392 606 ἐπιμελουμένῳ,
430 554 515 594 τῶν
548 558 717 609 μορίων
747 555 791 595 δὲ
827 553 900 594 καὶ
931 552 1124 607 σμικρῶν
1159 551 1411 606 ἀμελοῦντι,

57 619 138 670 ἔξει
174 621 281 662 ποτὲ
318 620 461 668 καλῶς
496 618 619 674 αὐτῷ
657 618 705 662 τὸ
745 621 860 672 ming

127 686 232 727 ΚΛ.
309 684 543 740 Οὐδαμῶς.

158 751 258 793 ΑΘ,

55 824 149 870 γοῖς
193 814 289 860 οὐδ’
344 818 596 872 οἰκονόμοις
631 815 728 861 οὐδ’
779 812 836 860 αὖ
884 820 970 861 τισὶ
1017 820 1260 868 πολιτικοῖς
1305 816 1401 861 οὐδ’

52 882 172 938 ἄλλῳ
221 884 309 926 τῶν
355 883 573 928 τοιούτων
621 883 768 928 οὐδενὶ
811 887 944 940 χωρὶς
998 887 1085 926 τῶν
1130 883 1289 938 ὀλίγων
1335 887 1407 929 καὶ

51 949 436 1007 σμικρῶν πολλοὶ
475 949 498 1004 ἢ
535 950 729 1006 μεγάλα·
777 951 879 995 οὐδὲ
925 951 1012 1007 γάρ
1062 949 1169 994 ἄνευ
1213 953 1406 1008 σμικρῶν

51 1015 157 1067 τοὺς
190 1016 409 1072 μεγάλους
435 1021 575 1078 φασιν
604 1022 648 1064 οἱ
669 1017 909 1074 λιθολόγοι
944 1021 1108 1068 λίθους
1133 1012 1178 1062 εὖ
1208 1022 1405 1063 κεῖσθαι.

1334 101 1414 141 205

327 416 484 475 ’[ατρῷ
530 420 576 461 δὲ
611 421 990 474 προςτεταγμένον
1032 415 1140 460 ὅλον
1184 434 1224 460 τι
1272 420 1411 473 θερα-
1448 372 1485 411 ¹)

331 751 393 793 Οὐ
437 752 528 806 μὴν
577 750 678 795 οὐδὲ
726 749 1016 807 κυβερνήταις
1060 750 1162 794 οὐδὲ
1218 765 1408 807 στρατη-

1457 949 1490 989 Ε

157 1085 256 1127 ΚΛ.
331 1087 435 1135 Πῶς
469 1083 555 1143 γὰρ
594 1083 681 1141 liv,-

152 1152 253 1194 ΑΘ.
329 1150 406 1205 Μὴ
446 1155 598 1197 τοίνυν
636 1150 714 1196 τόν
758 1169 804 1206 γε
851 1150 967 1195 θεὸν
1008 1150 1259 1208 ἀξιώσωμέν
1298 1168 1404 1195 ποτε

145 1281 183 1312 D.
235 1281 316 1312 τῶν
341 1294 374 1322 μ.
403 1281 591 1325 μεγάλων
617 1280 953 1325 ἐπιμελουμένῳ]
981 1279 1271 1321 ἑπιμελεῐσθαιΑ.
1289 1293 1318 1317 v.
1333 1283 1354 1314 f.
1369 1283 1402 1317 h.

50 1337 78 1359 ι’,
107 1331 141 1359 et
165 1337 216 1369 pr.
247 1325 285 1359 Ω.
311 1339 342 1360 a.
370 1327 398 1360 δ.
429 1340 458 1361 ο.
498 1329 568 1361 Sed
595 1331 638 1361 de
663 1330 743 1361 Par.
769 1331 812 1361 A.
840 1333 932 1360 tacet
955 1328 1108 1362 Bastius.
1151 1329 1245 1361 Dein
1271 1324 1404 1368 ἀμελεῖν

50 1383 139 1406 corr.
173 1371 212 1405 Ω.
236 1379 270 1406 et
295 1374 317 1408 f.
344 1375 377 1408 h.
404 1385 430 1406 r.
459 1385 489 1408 a.
517 1375 545 1406 δ.
574 1387 604 1407 o.
637 1375 812 1407 Eusebius
835 1385 899 1415 pro
925 1373 1175 1417 ἐπιμελουμένῳ
1204 1376 1308 1407 habet
1332 1374 1403 1406 ἑπι-

49 1418 144 1458 pei-{s
177 1420 288 1456 ἔσται,
323 1425 357 1452 et
380 1431 444 1462 pro
480 1417 659 1461 ἀμελοῦντι
691 1422 813 1454 scribit
839 1417 967 1460 ἀμελές.
1015 1421 1112 1453 Idem
1138 1422 1219 1453 dein
1244 1432 1308 1463 pro
1335 1420 1402 1462 ἕξει

50 1465 132 1497 ποτὲ
160 1466 266 1498 habet
290 1461 362 1497 εἶθ’
388 1466 466 1507 ἔξει.

38 1535 53 1545 κ
142 1508 198 1543 Οὐ
223 1510 303 1554 μὴν
330 1508 451 1555 οὐδὲ]
483 1513 525 1545 V.
553 1509 603 1546 Ου’
629 1512 690 1552 μὲν
715 1509 807 1551 οὐδὲ,
833 1512 1104 1545 adversantibus
1135 1511 1173 1544 Ω.
1201 1512 1239 1547 Ξ.
1260 1524 1291 1544 v.
1317 1513 1339 1545 f.
1365 1513 1398 1547 h.

48 1568 74 1590 r.
101 1569 133 1591 a.
160 1568 188 1592 e.
213 1558 242 1592 δ.
270 1569 301 1590 0.
330 1559 462 1591 Euseb.
500 1560 689 1592 Praeterea
724 1559 855 1592 Euseb.
891 1569 928 1600 γε
963 1564 1045 1600 post
1080 1554 1163 1590 οὐδὲ
1197 1560 1403 1600 interponit,

50 1604 145 1646 quod
170 1606 303 1645 recepit
326 1606 461 1637 Astius.

139 1651 181 1681 E.
232 1648 298 1692 Μὴ
334 1653 485 1682 τοίνυν
520 1649 592 1682 τόν
625 1662 669 1693 γε
699 1648 809 1682 θεὸν
841 1646 926 1691 dg]
953 1649 1089 1684 Theod.
1117 1660 1154 1691 γε
1187 1660 1256 1684 om.

1304 1650 1402 1682 Idem

48 1697 128 1729 dein
154 1692 300 1737 ἀξιῶμεν
325 1716 368 1720 -
397 1695 551 1740 τοσούτῳ
573 1693 646 1740 einp.
673 1716 715 1720 —
741 1694 858 1737 σοφὸν
888 1695 989 1736 βουλ.
1016 1714 1058 1720 --
1085 1694 1317 1735 ἐπιμελεῖσθαι
1341 1696 1399 1728 δυ-

48 1807 213 1850 τόδε-]
238 1809 346 1841 Recte
370 1809 477 1842 habet
498 1809 575 1852 γάρ,
591 1811 687 1852 quod

49 1855 205 1887 Astius
235 1865 277 1886 ex
308 1857 463 1888 Euseb.
489 1858 524 1888 in
551 1855 588 1888 δὲ
613 1868 684 1888 mu-

46 1902 145 1933 tavit.
183 1901 295 1942 Atqui
317 1903 420 1934 etiam
437 1904 597 1935 meliores
614 1904 684 1934 Eu·

50 1948 140 1979 sebii
166 1948 268 1979 codd.
286 1946 351 1989 γὰρ
366 1953 521 1981 tuentur.
552 1948 689 1990 Quippe

50 1990 126 2035 γάρ,
151 1998 189 2024 ut
212 1993 290 2026 Lat.
311 1995 439 2036 enim,
463 1997 566 2027 etiam
590 2005 688 2026 usur-

48 2044 168 2081 patur,
215 2040 274 2070 ubi
316 2041 400 2082 quid
443 2042 689 2083 explicationis

49 2095 175 2118 caussa
199 2086 440 2128 subiungitur,
467 2089 560 2129 quod
586 2088 688 2119 simul

49 2142 208 2163 caussam
241 2137 467 2174 antegressae
495 2135 688 2165 sententiae

48 2178 301 2220 complectitur.
327 2179 403 2211 Nos
417 2180 563 2213 dicimus
580 2190 688 2212 nem·

47 2224 148 2256 lich.
204 2223 260 2255 De
295 2222 358 2266 γάρ
392 2227 541 2267 repetito
573 2227 685 2268 expli-

48 2270 141 2302 cavit
165 2269 348 2302 Porson.
373 2272 418 2304 ad
438 2273 561 2314 Eurip.
588 2273 681 2304 Med.

48 2326 80 2347 v.
108 2315 185 2349 140.
233 2315 520 2350 Bornemann.
548 2320 592 2351 ad
611 2319 684 2350 Xe-

48 2362 154 2403 noph.
188 2360 306 2403 Symp.
343 2363 406 2394 IV.
443 2364 498 2398 55.
536 2376 569 2406 p.
604 2364 681 2399 147.

47 2407 142 2439 Kfih
157 2417 238 2440 ne'r.
265 2408 310 2440 ad
330 2408 477 2442 Memor.
504 2410 550 2442 ΙΙ.
577 2410 609 2452 6,
625 2412 682 2446 21.

123 2498 176 2532 Τὸ
222 2502 320 2542 περί
359 2512 396 2533 τε
438 2500 684 2545 αἰσθήσεως

49 2546 115 2577 καὶ
157 2545 398 2590 δυνάμεως]
445 2547 508 2579 De
552 2559 680 2581 sensti

48 2596 174 2634 atque
200 2595 416 2635 potentia,
450 2603 590 2627 nonne
616 2605 683 2627 na-

47 2642 142 2670 tura
177 2650 253 2673 sua
297 2640 521 2672 contrario
557 2642 682 2674 modo

47 2694 90 2717 se
122 2684 300 2726 hahent,
337 2688 372 2719 si
411 2686 682 2720 facilitatem

755 1820 804 1843 ac
843 1808 1162 1841 difficultatem
1199 1815 1395 1850 specte-

754 1857 870 1888 mus?

800 1902 844 1933 D.
894 1897 1032 1943 Ἰατρῷ
1057 1898 1105 1941 δὴ
1127 1908 1194 1941 πρ.
1215 1918 1255 1924 —-
1283 1898 1395 1945 αὐτῷ

758 1945 801 1978 τὸ
829 1948 951 1987 mim]
978 1947 1178 1978 Pronomen
1206 1943 1300 1990 αὐτῷ
1316 1953 1395 1989 post

756 1995 950 2026 subiectum
994 1994 1255 2034 perspicuitatis
1296 1995 1395 2026 adiu-

758 2041 893 2072 vandae
916 2040 1030 2080 gratia
1061 2040 1326 2080 interpositum,
1358 2045 1395 2071 ut

756 2097 879 2127 saepe3
911 2097 944 2117 v.
970 2086 998 2116 Ι.
1026 2095 1057 2126 p.
1085 2085 1164 2119 624.
1192 2086 1232 2117 B.
1267 2086 1334 2117 ΙΙΙ.
1360 2097 1393 2127 p.

756 2132 832 2166 684.
868 2133 913 2164 D.
950 2131 1034 2163 XII.
1073 2142 1106 2171 p.
1145 2132 1225 2165 952.
1263 2134 1304 2163 A.
1348 2133 1392 2166 al.

755 2179 855 2210 Istud
882 2177 918 2210 τὸ
947 2178 1014 2209 πᾶν
1046 2188 1129 2208 vero
1159 2179 1286 2219 repetit
1307 2189 1391 2219 quo-

754 2225 907 2257 damodo
933 2229 1176 2265 antegressum
1202 2225 1289 2256 illud
1310 2223 1392 2255 ὅλον

755 2282 802 2307 τι,
844 2271 937 2313 quod
978 2272 1060 2302 item
1104 2271 1270 2303 cohaeret
1314 2281 1390 2302 cum

751 2316 817 2357 ἕξει
844 2317 963 2349 καλῶς.

793 2360 851 2396 Ου’
875 2361 955 2405 μὴν
981 2358 1085 2393 οὐδὲ
1110 2380 1152 2385 -
1181 2359 1201 2403 ἢ
1226 2359 1389 2403 μεγάλα]

751 2410 817 2441 Int.
835 2420 876 2441 ex
901 2408 1158 2451 superioribus:
1187 2408 1296 2439 καλῶς
1316 2407 1393 2448 ἕξει.

751 2457 804 2488 De
828 2456 1033 2497 proverbio:
1062 2450 1105 2485 ου’
1132 2452 1194 2495 γὰρ
1215 2451 1297 2485 ἄνευ
1317 2464 1387 2493 σμι-

753 2503 844 2544 κρῶν
871 2501 907 2533 οἱ
932 2499 1069 2543 μεγάλοι
1106 2500 1199 2531 λίθοι
1235 2496 1274 2531 εὖ
1301 2504 1386 2532 κεῖν-

753 2560 819 2589 τριι,
854 2560 884 2580 v.
919 2547 1141 2579 Valesium
1174 2547 1218 2579 ad
1252 2547 1388 2588 Harpo-

751 2599 834 2627 crat.
864 2594 939 2625 Vol.
966 2593 1009 2625 Il.
1036 2603 1070 2634 p.
1095 2592 1174 2626 370.
1206 2593 1258 2624 ed.
1291 2593 1390 2634 Lips.

796 2641 839 2673 E.
889 2637 956 2681 Μὴ
983 2641 1130 2670 τοίνυν
1157 2636 1227 2670 τόν
1253 2649 1296 2680 γε
1321 2639 1388 2670 θε-

753 2685 770 2718 ὀ
783 2699 800 2718 ν
817 2686 874 2728 ——]
902 2687 1040 2719 Laudat
1065 2686 1149 2718 haec
1165 2691 1303 2727 praeter
1320 2685 1389 2716 Eu-
