1781 2971
272 125 352 166 DE
389 124 664 168 LEGIBUS
699 125 814 166 LIB.
850 125 960 167 XII.
995 126 1040 166 P.
1075 127 1169 169 945.
1204 125 1269 168 St.
1373 128 1455 169 357

106 241 206 286 τότε
240 244 454 294 λυθείσης
500 243 579 293 τῆς
625 241 676 284 τὰ
726 242 876 285 πάντα
914 242 1215 298 πολιτεύματα
1252 243 1455 299 ξυνεχού·

106 324 184 361 σης
228 313 287 359 εὶς
338 311 384 351 ἓν
428 311 549 360 δίκης
596 309 734 369 ταύτῃ
770 312 894 352 πᾶσα
929 308 1044 367 ἀρχὴ
1084 308 1340 363 διεσπάσθη
1372 327 1456 366 χω-

105 379 171 432 ρὶς
208 380 331 432 ἑτέρα
368 374 451 417 ἀπ’
494 374 642 428 ἄλλης,
680 380 752 419 καὶ
791 376 871 420 οὐκ
907 381 965 426 εὶς
1001 375 1168 419 ταύτὸν
1203 381 1266 419 ἔτι
1300 377 1450 420 νεύου-

104 458 200 492 σαι,
247 440 416 492 πολλιὲς
462 447 506 484 ἐκ
550 446 657 496 μιᾶς
690 443 771 496 τὴν
820 442 949 487 πόλιν
997 445 1207 487 ποιοῦσαι
1260 445 1456 487 στασεων

104 509 381 565 ἐμπλήσασαι
418 507 526 564 ταχυ
564 511 789 553 διώλεσαν.
838 508 905 553 διὸ
944 507 997 562 δὴ
1035 512 1099 553 δεῖ
1133 508 1311 560 πάντως
1352 510 1458 561 τοὺς

105 576 330 626 εὐθύνους
368 576 664 630 θαυμαστοὺς
711 580 863 620 πᾶσαν
907 575 1074 632 ἀρετὴν
1111 576 1235 619 εἶναι.
1287 594 1455 620 τεκται-

103 642 292 698 νώμεθα
331 642 384 695 δή
426 660 524 685 τινα
562 644 730 699 τρόπον
756 644 904 687 αὐτῶν
941 642 1114 686 τοιάνδε
1146 651 1324 696 γένεσιν.
1361 644 1450 687 κατ’

104 710 309 753 ἐνιαυτὸν
346 714 531 753 ἕκαστον
566 710 677 764 μετὰ
724 710 894 766 τροπάς
931 709 1056 761 ἡλίου
1096 708 1176 759 τας
1211 714 1254 752 ὲκ
1292 713 1457 767 θέρους

105 783 163 826 εὶς
210 778 404 832 χειμῶνα
454 777 642 828 ξυνιέναι
694 777 834 834 χρεών
890 778 1039 819 πᾶσαν
1094 775 1173 828 τὴν
1218 776 1349 820 πόλιν
1398 783 1455 828 εὶς

104 908 326 949 explicatoris
351 908 496 940 alicuius
522 910 650 941 oleum.
679 909 841 942 Baiterus
868 908 1032 953 ἀμέμπτῳ
1069 913 1106 941 ut
1131 912 1329 950 suspectum
1358 909 1453 942 uncis

103 953 256 986 seclusit.

195 1000 236 1031 E.
285 999 341 1033 εἰς
375 998 541 1030 ταύτὸν
571 1000 634 1032 ἔτι
670 999 904 1042 νευόυσαι]
939 1001 996 1033 Sic
1027 1009 1104 1031 cum
1133 998 1253 1041 Steph.
1288 1009 1376 1031 corr.
1408 1001 1452 1031 A.

105 1048 149 1093 et..
173 1055 281 1086 marg.
319 1042 358 1077 Ω.
397 1045 488 1077 Vett.
523 1045 621 1078 editt.
655 1047 704 1078 ἔτι
733 1049 789 1080 νέα
824 1042 940 1078 οὖσαι.

104 1094 228 1130 ου’σαι,
256 1092 309 1123 vel
337 1091 386 1122 ἔτι
409 1091 585 1128 ναίουσαι,
617 1094 669 1124 vel
701 1094 752 1125 ἔτι
780 1094 930 1125 νέουσαι.

104 1136 151 1172 εἰς
175 1135 213 1168 τό
245 1135 334 1169 αὐτὸ
363 1137 411 1168 ἔτι
438 1147 513 1169 cum
541 1137 620 1169 Par.
653 1141 691 1170 Α.

103 1248 311 1292 ἀμέμπτῳ
340 1249 405 1292 -]
448 1250 580 1293 idque
612 1255 653 1284 et
686 1252 743 1284 iu-

105 1296 233 1327 stitia
259 1296 387 1337 culpa
413 1307 552 1328 vacua
579 1301 625 1329 et
649 1297 745 1330 sine

104 1342 194 1373 ulia
230 1340 343 1384 (alia)
383 1343 742 1384 reprehensione.

106 1386 218 1419 Lusus
245 1389 509 1428 paronomasiae
535 1399 600 1420 non
628 1389 744 1421 infice-

104 1438 181 1476 tus3
216 1433 250 1464 in
286 1444 352 1474 quo
384 1440 499 1466 tamen
525 1434 743 1467 Winckel-

105 1488 279 1511 mannus
328 1483 362 1512 et
410 1479 608 1512 Oreiiius
657 1479 744 1512 adeo

105 1524 343 1565 offenderunt,
382 1529 422 1557 ut
460 1527 547 1558 alter
577 1522 744 1567 οἷμέμπτῳ

106 1570 309 1607 delendum,
345 1572 432 1603 aiter
455 1569 610 1612 ἀμιάντῳ
642 1572 742 1603 refin-

104 1616 253 1658 gendum
280 1616 495 1648 iudicaverit.
542 1617 610 1648 Pro
636 1616 744 1658 οἷμέμ-

104 1673 196 1697 πτως
222 1660 240 1702 ἡ
268 1665 361 1693 πᾶσα
403 1662 475 1696 vat.
507 1660 543 1693 Ω.
574 1666 605 1694 in
634 1672 743 1702 marg.

104 1707 315 1749 adscriptum
355 1707 457 1740 habet
495 1707 678 1750 ἀμέμπτως
711 1704 745 1749 ᾖ,

105 1751 125 1793 ἦ
150 1756 265 1792 πᾶσα,
300 1753 402 1795 idque
435 1758 642 1795 receperunt
673 1754 744 1786 edi-

105 1804 200 1831 tores
220 1799 441 1832 Turicenses.
470 1800 502 1832 fl
519 1810 628 1832 erma
642 1810 745 1831 nnus

106 1849 217 1877 totum
250 1846 366 1877 locum
401 1855 466 1877 suo
498 1846 640 1878 arbitrio
667 1846 744 1877 refl-

106 1895 197 1922 ctum
230 1890 276 1921 ita
314 1890 440 1923 edidit:
475 1891 532 1922 καὶ
568 1890 670 1922 τοῦτ’
712 1891 746 1922 ὃν

105 1936 181 1978 δίκῃ
221 1934 424 1978 [ἀμέμπτῳ]
468 1948 504 1968 τε
543 1936 599 1967 καὶ
637 1935 744 1977 ἀμέμ-

106 1992 197 2016 πτως
223 1982 239 2021 ἡ
269 1985 361 2013 πᾶσα
385 1994 413 2012 κ.
441 1994 470 2012 τ.
499 1981 528 2014 λ.

152 2027 193 2059 Ε.
256 2027 325 2057 καὶ
363 2026 440 2058 οὐκ
477 2028 536 2064 εἰς
579 2025 746 2058 ταύτόν

107 2073 169 2104 ἔτι
194 2070 423 2114 νεύουσαι]
455 2073 544 2105 vett.
568 2073 664 2105 editt.
690 2074 747 2102 νέα

106 2112 222 2157 οὖσαι,
248 2118 340 2159 quod
369 2119 456 2150 bene
477 2120 626 2151 correxit
651 2117 745 2150 Ste-

106 2163 290 2209 phanus,
327 2165 426 2196 cuius
463 2164 743 2197 emendationem

105 2210 241 2241 firmant
275 2209 374 2241 etiam
408 2210 567 2248 codices,
603 2210 645 2242 de
671 2210 746 2250 qui-

106 2256 171 2286 bus
197 2265 299 2296 supra
334 2257 570 2296 exposuimus.
620 2256 746 2288 Dicun-

108 2306 161 2332 tur
180 2309 260 2332 vero
285 2299 396 2331 νεύειν
413 2302 460 2337 εἰς
477 2300 611 2334 ταύτόν
636 2311 746 2342 quae

107 2347 224 2377 inter
263 2345 360 2386 ipsa
399 2349 660 2390 conspirant
703 2350 748 2379 et

107 2391 157 2424 ad
207 2400 328 2422 unum
379 2391 510 2425 finem
560 2397 745 2425 conten-

109 2437 227 2470 dunt.
264 2437 481 2478 Poiybius
514 2437 609 2470 Libr.
633 2439 658 2470 1.
683 2437 745 2472 45:

109 2481 126 2523 ἦ
152 2480 241 2522 τύχη
274 2479 387 2513 πάντα
419 2483 528 2515 νευέιν
560 2482 746 2525 ἠνάγκαζεν

108 2526 196 2571 πρὸς
219 2526 275 2559 ἕνα
306 2526 363 2557 καὶ
388 2527 451 2560 τὸν
470 2527 580 2561 αὐτὸν
605 2528 745 2561 σκότιον.

107 2572 346 2607 Quamobrem
378 2583 445 2606 non
471 2585 560 2616 opus
584 2579 638 2608 est
663 2584 747 2606 con-

107 2620 239 2652 iectura
279 2618 649 2659 Winckeimanni‚
681 2621 748 2651 τεί-

108 2675 231 2696 νουσαι
256 2664 474 2699 scribendum
502 2666 668 2708 putantis.
700 2665 747 2698 U-

110 2719 182 2742 sum
215 2710 335 2742 aoristi
368 2709 566 2753 διεσπάσθη
600 2715 636 2745 et
670 2709 750 2743 διώ-

1001 1045 1074 1078 ΑΙίί
1106 1045 1181 1077 libri
1215 1046 1269 1077 vel
1303 1046 1351 1076 ἔτι
1384 1047 1455 1076 νέαι

986 1091 1177 1123 Praeterea
1209 1091 1286 1123 iibri
1316 1090 1454 1133 quidam

814 1251 912 1282 λεσαν
935 1250 1114 1293 attigimus
1149 1250 1192 1282 ad
1221 1250 1398 1282 Phaedon.
1425 1262 1456 1292 p.

815 1296 868 1330 73.
898 1296 936 1328 D.
967 1295 1076 1338 Legg.
1102 1295 1164 1329 IX.
1190 1307 1224 1338 p.
1249 1297 1326 1332 855.
1347 1297 1385 1328 Ο.
1413 1298 1456 1328 ai.

816 1342 976 1375 Ceterum
1026 1341 1111 1374 hanc
1159 1344 1365 1375 sententiam
1412 1344 1456 1374 de

814 1387 997 1420 concordia
1033 1388 1181 1420 civitatis
1215 1388 1258 1420 ad
1290 1389 1363 1421 eius
1397 1398 1455 1420 sa-

815 1435 919 1466 lutem
948 1439 981 1465 et
999 1437 1200 1475 perpetuam
1219 1435 1456 1466 conservatio-

814 1489 890 1512 nem
927 1479 1025 1510 unice
1062 1481 1262 1511 necessaria
1303 1479 1455 1521 philoso-

814 1525 903 1565 phus
929 1524 1117 1556 identidem
1151 1525 1320 1561 inculcat,
1349 1526 1456 1557 veluti

817 1571 926 1611 Legg.
958 1571 979 1602 Ι.
1009 1581 1039 1610 ρ.
1066 1570 1146 1604 627.
1175 1570 1213 1604 C.
1244 1587 1280 1594 -—
1306 1570 1384 1604 628.
1414 1571 1453 1602 D.

813 1616 872 1648 lii.
908 1627 938 1656 p.
974 1616 1051 1650 692.
1081 1616 1125 1646 D.
1152 1634 1194 1639 —
1220 1616 1298 1650 693.
1327 1616 1365 1649 C.
1393 1616 1453 1647 IX.

813 1673 844 1703 p.
872 1661 950 1695 875.
977 1663 1022 1693 A.
1049 1661 1140 1693 Vlll.
1169 1672 1201 1702 p.
1223 1662 1303 1696 828.
1332 1663 1370 1693 D.
1405 1662 1454 1693 De

813 1708 965 1748 Repubi.
992 1707 1054 1739 IV.
1083 1717 1115 1746 p.
1141 1706 1210 1742 419
1237 1719 1287 1749 sq.
1316 1718 1349 1748 p.
1370 1706 1453 1740 422.

816 1753 854 1785 E.
892 1753 927 1785 V.
965 1765 995 1793 p.
1031 1752 1110 1787 461.
1152 1753 1194 1788 E.
1238 1771 1270 1776 -—
1308 1753 1387 1787 465.
1415 1753 1453 1785 C.

814 1799 884 1832 vll.
914 1810 946 1842 p.
971 1799 1050 1834 519.
1079 1799 1122 1830 E.

860 1865 928 1898 διὸ
970 1864 1014 1906 δὴ
1050 1867 1112 1898 δεῖ
1142 1865 1309 1900 τισίν-[ως
1348 1865 1456 1900 τοὺς

814 1908 1064 1952 ειῖθιῖνους]
1093 1911 1233 1943 Laudat
1259 1911 1344 1943 haec
1372 1911 1453 1952 Ety-

813 1958 895 1989 mol.
924 1956 970 1988 M.
998 1967 1030 1998 p.
1058 1957 1143 1996 391,
1169 1957 1224 1990 50.
1253 1958 1384 1988 omisso
1411 1955 1451 1995 δὴ

814 2008 848 2035 et
873 2000 1008 2038 πάντας
1034 2013 1095 2043 pro
1122 2001 1256 2038 πιίντως
1271 2007 1372 2042 atque
1396 2014 1454 2043 με·

812 2052 941 2088 τεῖναι,
968 2049 988 2082 ἰ.
1017 2059 1045 2080 e.
1071 2050 1245 2089 μετιέναι,
1281 2058 1342 2089 pro
1367 2046 1456 2078 εἶναι

814 2094 956 2135 scripto.
1009 2093 1094 2125 Dein
1119 2092 1381 2135 τεκταινώμεθα
1400 2095 1453 2134 γε’-

815 2152 903 2172 νεσιν
930 2139 1060 2171 dictum
1088 2143 1142 2171 est
1166 2139 1324 2171 similiter
1349 2143 1455 2179 atque

813 2189 939 2227 γένεσιν
975 2182 1138 2227 φυτεύειν
1179 2185 1272 2217 Libr.
1313 2185 1381 2216 III.
1422 2196 1453 2225 p.

812 2232 892 2266 691.
944 2231 982 2262 D.
1027 2235 1061 2263 et
1098 2232 1224 2272 γένεσιν
1273 2229 1454 2261 ἀποτελεῖν

814 2278 908 2309 Libr.
942 2276 1002 2309 Xl.
1038 2288 1070 2318 p.
1096 2275 1174 2310 920.
1207 2276 1249 2306 E.
1299 2275 1373 2307 Nec
1401 2279 1454 2306 ta-

814 2333 890 2356 men
941 2323 1155 2362 ineleganter
1208 2322 1336 2353 dictum
1389 2326 1453 2352 est.

814 2369 952 2409 Quippe
989 2367 1092 2399 habet
1132 2372 1250 2398 orator
1284 2368 1453 2398 rationem

812 2414 974 2455 imaginis
999 2413 1105 2452 iliius,
1142 2422 1209 2452 qua
1242 2413 1347 2444 modo
1371 2423 1454 2444 usus

816 2466 887 2499 θεῖς
913 2458 1004 2491 unde
1031 2458 1115 2490 dicit
1141 2459 1396 2490 τεκταίνεσθαι.

861 2526 948 2558 κατ’
1008 2524 1214 2557 ἐνιαυτὸν
1276 2523 1454 2557 ἕκαστον

815 2571 923 2615 μετὰ
952 2571 1027 2614 τρ.]
1057 2571 1192 2604 Laudat
1206 2572 1320 2607 iocum
1349 2571 1453 2604 Pro-

815 2620 907 2651 clus
933 2617 1057 2650 Theoi.
1085 2617 1221 2650 Platon.
1250 2617 1310 2652 VI.
1336 2617 1390 2651 12.
1418 2628 1451 2658 p.

814 2664 894 2698 376.
921 2665 978 2704 qui
1005 2662 1106 2696 habet
1139 2662 1455 2705 ἀποφαινομένους,

816 2710 976 2743 Pertinet
1019 2718 1099 2742 vero
1144 2707 1454 2752 ἀποφανουμένους
