1781 2971
426 174 817 216 EPINOMIS.
850 174 897 214 P.
932 176 1025 215 956.
1059 174 1123 216 St.
1363 178 1446 216 :315

94 302 188 342 τοῖς
214 297 258 335 δὲ
283 294 393 346 μήτε
420 292 517 334 τινα
553 301 718 346 μοῖραν
758 291 986 344 ταττωμεν
1008 293 1115 345 μήτε
1146 290 1243 333 τινὰ
1266 294 1446 346 χρόνον,

93 368 138 402 ἐν
175 354 208 414 ᾦ
247 361 501 415 ὸιεξερχεται
541 362 616 402 τον
653 357 794 400 αὑτοῦ
833 360 991 407 πόλον,
1030 360 1335 411 §martenam
1372 360 1444 402 κο-

92 444 216 482 σμον,
252 428 304 471 ὃν
353 427 471 479 ε’ταξε
509 428 640 481 λογος
676 425 698 468 ὁ
747 443 925 468 παντων
975 428 1214 476 θειότατος
1249 426 1440 469 ὁοατόν·

92 496 146 537 ὃν
183 494 204 537 ὁ
240 498 319 550 ιιὲν
356 495 574 541 ευδαίαων
622 510 799 535 ποωτον
834 496 913 546 μὲν
960 496 1244 542 ἐθαύμασεν,
1296 498 1441 537 ἔπειτα

93 565 137 604 οὲ
173 567 311 615 ἔρωτα
365 566 452 617 ἔσχε
492 564 569 604 τοῦ
608 564 894 614 καταμαθεῖν
943 559 1090 604 ὁπόσα
1129 564 1276 621 θνητῇ
1313 564 1443 617 quaa

92 629 273 678 δυνατά,
315 627 557 683 ἡγούμενος
584 628 745 683 ἄρισθ’
789 627 928 677 οὕτως
956 628 1250 684 εὐτυχέστατα
1278 646 1321 671 τε
1348 629 1438 670 διά-

91 698 177 748 ξειν
211 696 289 739 τὸν
324 698 424 751 βίον
463 695 720 747 τελευτήσας
759 711 801 737 τε
835 700 893 744 εἰς
932 695 1095 745 τόπους
1124 694 1242 747 ἥξειν
1280 696 1441 750 προςή-

91 780 253 813 κοντας
289 762 438 823 αρετῇ,
475 767 544 804 καὶ
580 768 851 816 μεμυημένος
889 761 1077 814 άληθῶς
1110 779 1152 805 τε
1182 766 1251 804 καὶ
1290 764 1440 812 ὄντως,

89 831 351 886 μεταλαβών
374 830 631 888 φρονήσεως
667 827 725 878 εἷς
747 827 808 870 ὧν
836 831 953 883 μιᾶς,
982 827 1058 872 τὸν
1086 832 1315 873 ἐπίλοιπον
1334 830 1441 886 χρό-

90 915 169 941 νον
194 896 369 953 θεωρὸς
395 898 480 939 τῶν
515 899 757 938 καλλίστων
793 896 1038 949 γενόμενος,
1077 895 1161 939 ὅσα
1186 897 1283 939 κατ’
1317 897 1438 956 ὄψιν,

92 968 290 1009 διατελεῖ.
328 967 408 1006 νῦν
445 962 496 1015 δὴ
535 964 583 1006 τὸ
621 964 730 1018 μετὰ
772 963 911 1005 τοῦθ’
959 962 1061 1017 ἡμῖν
1100 964 1256 1007 λοιπον
1291 968 1440 1017 λεγειν,

91 1032 189 1075 ὅσοι
227 1032 256 1072 τ’
289 1035 380 1082 εἰσί,
419 1036 489 1072 καὶ
518 1035 650 1080 τίνες·
688 1030 739 1073 ου
769 1029 853 1084 γάρ
890 1030 1060 1084 μήποτε
1097 1034 1308 1088 φανῶμεν
1333 1046 1437 1087 ψευ-

92 1104 197 1148 δεῖς.
232 1101 418 1153 βεβαίως
454 1099 506 1149 δὴ
544 1100 859 1153 διισχυρίζομαι
899 1098 945 1142 τό
982 1116 1027 1151 γε
1068 1101 1293 1143 τοσοῦτον.
1334 1102 1437 1153 λέγω

90 1164 175 1221 γὰρ
221 1168 355 1208 πάλιν
401 1162 510 1208 ὀκτώ
550 1168 629 1220 μὲν
665 1164 795 1213 εἶναι,
841 1167 926 1208 τῶν
962 1168 1005 1208 δὲ
1053 1164 1163 1208 ὀκτώ
1213 1174 1326 1221 τρεῖς
1359 1169 1439 1222 μὲν

91 1354 168 1374 των.
216 1344 269 1375 Ex
298 1341 348 1374 his
374 1352 490 1374 verum
522 1344 670 1377 omen-sit

182 1388 326 1431 μηδεὶς
362 1387 493 1420 ἄλλως
527 1400 630 1420 ποτε
655 1401 682 1420 ι.
692 1389 701 1432 ]
734 1390 774 1424 V.
807 1387 922 1425 ἄλλος,
949 1392 1043 1431 quod
1071 1401 1111 1421 ex
1140 1392 1183 1423 A.
1214 1388 1251 1421 Ω
1282 1387 1322 1420 Z.
1349 1400 1379 1420 a.
1408 1400 1435 1420 c.

91 1434 120 1467 δ.
149 1447 178 1467 ο.
206 1446 239 1471 Χ
265 1436 495 1467 emendatum.
523 1436 627 1469 Voss.
655 1433 814 1477 μηδεὶς
794 1448 835 1467 av
859 1433 968 1467 ἄλλος.

801 1572 904 1604 saub
917 1582 976 1603 on.
1000 1573 1206 1604 Exercitatt.
1226 1573 1253 1604 Ι,
1276 1572 1321 1603 ad
1341 1573 1434 1603 Ann.

91 1574 207 1612 σῶμα
244 1585 260 1611 η
292 1571 410 1614 τρίτον
436 1569 522 1612 αιτὴ
554 1571 634 1613 uda}
669 1572 730 1603 σώ-

800 1618 931 1650 Baron.
970 1629 1002 1659 p.
1039 1618 1070 1652 5.
1108 1619 1198 1650 unde
1241 1624 1356 1650 tamen
1393 1618 1438 1648 ad

92 1629 205 1659 ματος
231 1629 338 1657 ουσα,
367 1618 443 1658 ‘1⁰¹
449 1631 489 1649 σα
515 1618 547 1649 δὲ
574 1617 732 1657 διιᾰμεις

89 1663 197 1699 ἄλλοις
230 1682 273 1687 ——
305 1664 465 1705 ποδηγεῖ,
498 1676 525 1695 κ.
561 1677 590 1695 τ.
625 1664 652 1695 λ,
691 1683 728 1689 -

91 1709 174 1741 Mox
200 1710 233 1740 in
266 1719 318 1740 vv.
357 1709 473 1750 μηδεὶς
504 1710 614 1747 ἄλλως
647 1712 731 1742 ποτὲ

88 1767 117 1786 ν.
143 1765 219 1787 voc.
247 1755 356 1791 ἄλλως
385 1760 437 1787 est
475 1759 658 1796 temere,
686 1756 729 1789 de

88 1811 157 1841 quo
189 1810 254 1832 usu
289 1801 375 1833 (lixit
419 1801 643 1834 Ruhnken.
686 1803 727 1834 ad

90 1847 181 1880 Tim.
208 1858 239 1888 p.
267 1847 345 1881 199.
398 1848 585 1888 Perpetem
625 1849 729 1890 vulgo

88 1892 191 1927 ἄλλος
228 1894 392 1934 scriptum
433 1891 516 1928 fuit.
559 1893 651 1934 quod
686 1904 728 1926 ne

91 1939 250 1970 Astins
275 1938 411 1980 quidem
439 1940 589 1970 sustulit.

135 1983 174 2015 C.
224 1984 264 2014 ἒν
288 1983 506 2026 ἀδελφαῖς
529 1984 727 2027 μοίραις]

89 2035 273 2071 cognata
299 2034 426 2083 sorte
453 2029 545 2061 frui.

158 2075 228 2106 καὶ
273 2073 405 2118 τιιιᾰς
441 2074 727 2117 ἀποδιδῶμεν

89 2121 153 2163 -]
188 2121 284 2154 Haec
317 2132 426 2163 usque
459 2120 502 2152 ad
536 2121 637 2164 φύσει
670 2122 725 2153 δυ-

87 2165 174 2198 νατοί
214 2167 398 2209 exscripsit
446 2167 722 2199 Theodoret.

88 2214 168 2245 Cur.
202 2213 267 2245 Aff.
295 2213 357 2245 Gr.
386 2224 418 2255 p.
444 2213 499 2248 89.
528 2213 581 2245 ed
613 2212 725 2246 Gaisf.

89 2263 279 2291 memorant
295 2260 396 2292 etiarn
417 2260 573 2294 Euseb.
596 2259 724 2301 Praep.

89 2304 151 2336 Ev.
178 2315 211 2345 p.
236 2304 316 2339 471.
344 2306 383 2339 D.
412 2310 446 2338 et
467 2305 547 2340 534.
580 2306 617 2338 B.
652 2306 725 2346 Cy—

87 2349 176 2382 rill.
213 2352 331 2382 Alex.
365 2351 441 2383 adV.
474 2352 594 2384 lulian.
621 2352 724 2384 VIII.

88 2406 120 2436 ρ.
154 2395 232 2429 271.
291 2396 395 2437 Apud
426 2396 602 2430 Theodor.
641 2399 726 2430 seri-

88 2446 183 2482 ptum
211 2441 335 2483 legitur
367 2444 413 2485 τῷ
445 2443 480 2474 δὲ
503 2442 610 2483 μηνός
634 2457 726 2481 τινος

84 2486 174 2530 μήτε
194 2486 269 2518 τινὰ
287 2490 424 2530 μοῖραν.
451 2498 490 2519 ac
505 2488 631 2522 deinde
656 2502 724 2531 μη-

86 2533 125 2566 δέ
153 2545 227 2564 τινα
256 2531 394 2576 χρόνον,
451 2533 550 2567 Idem
591 2533 724 2578 ὁρατὸν

86 2584 166 2620 post
202 2579 394 2615 θειότατος
426 2589 503 2612 cum
532 2580 662 2613 Euseb.
690 2586 725 2614 et

85 2625 215 2680 Cyrillo
241 2625 381 2656 omittit.

133 2668 205 2702 τὸν
241 2667 380 2702 αὑτοῦ
423 2669 579 2714 πόλον]
618 2673 723 2714 axim,

84 2717 109 2770 ἱ..
143 2727 171 2750 e.
206 2717 399 2749 circuitum.
448 2717 503 2749 De
538 2719 725 2759 proximis.

87 2759 106 2792 ὃ
133 2761 228 2803 ἔταξε
254 2761 357 2804 λόγος
383 2759 402 2794 ό
425 2774 456 2794 π.
482 2763 521 2795 θ.
548 2764 725 2797 dixitCa-

799 1665 865 1695 loci
894 1665 1217 1706 interpretationem
1246 1665 1335 1695 nihil
1356 1674 1436 1705 pro-

798 1711 922 1743 ficitur.
984 1710 1117 1751 Sponte
1161 1721 1244 1742 vero
1291 1715 1438 1752 apparet

799 1757 1039 1789 rationem
1109 1757 1437 1788 divinissimam

799 1813 868 1835 non
894 1803 998 1834 aliam
1024 1804 1188 1844 intelligi,
1218 1804 1285 1834 nisi
1311 1803 1435 1834 summi

798 1850 867 1889 dei,
894 1850 952 1890 qui
978 1850 1012 1880 in
1033 1850 1179 1881 simaeo
1196 1849 1355 1882 Platonis
1381 1860 1435 1880 re-

797 1905 872 1926 rum
909 1897 1061 1926 omnium
1087 1901 1210 1927 auctor
1245 1901 1350 1936 atque
1376 1906 1435 1936 pa-

796 1951 876 1972 rens
903 1946 965 1971 est.
986 1960 1023 1963 —
1055 1937 1224 1980 ὁρατόν,
1253 1938 1336 1972 ω’ςτε
1353 1938 1434 1982 ὁρα-

798 1983 858 2017 ιόν
882 1997 932 2016 ειι
935 1997 979 2022 αι
1012 1987 1107 2026 quod
1131 1987 1187 2017 vel
1212 1993 1357 2027 propter
1381 1997 1434 2018 se-

796 2033 940 2073 quentia
977 2033 1090 2063 omitti
1119 2033 1246 2073 potuit.
1276 2051 1318 2056 —
1364 2031 1433 2063 κό-

797 2088 914 2116 σμον,
951 2078 1293 2119 Weltordnung3
1328 2089 1359 2110 v.
1390 2079 1435 2110 ad

796 2124 930 2156 Phileb.
956 2134 988 2165 p.
1016 2124 1072 2158 29.
1091 2124 1133 2155 E.
1152 2125 1242 2157 Tim.
1263 2135 1296 2165 p.
1317 2124 1371 2158 27.
1395 2129 1433 2156 Α.

840 2192 884 2226 D.
934 2192 1198 2234 μεμυημένος
1236 2187 1435 2233 ἀληθῶς

797 2249 833 2269 ιε
871 2239 935 2269 καὶ
972 2237 1126 2279 ὅντως]
1160 2239 1320 2270 initiatus
1352 2248 1434 2269 vere

794 2289 939 2316 naturae
984 2285 1060 2316 istis
1102 2285 1287 2326 mysteriis.
1346 2285 1432 2315 Mox

794 2341 857 2372 pro
885 2329 1028 2362 διατελεῖ
1048 2332 1177 2363 rectius
1207 2331 1357 2362 fortasse
1384 2331 1432 2362 le·

794 2382 895 2418 getur
935 2374 1095 2408 διατελεῖν
1141 2387 1350 2418 quamquam
1391 2387 1432 2408 ea

794 2423 968 2464 scriptura
1003 2423 1162 2454 codicum
1194 2428 1272 2464 eget
1307 2423 1431 2454 confir-

793 2471 959 2524 matipne.

838 2511 889 2546 ου’
914 2512 993 2556 γάρ
1018 2512 1069 2555 μή
1095 2523 1195 2546 ποτε
1220 2524 1258 2554 φ.
1267 2515 1428 2557 ψ.]ῐιοῐι

793 2562 906 2593 enim
953 2569 1143 2601 unquam
1195 2561 1428 2593 mendaces

792 2607 930 2639 fuisse
967 2606 1221 2638 videbimur.

841 2674 881 2706 E.
932 2676 1043 2714 τρεῖς
1084 2673 1156 2713 μὲν
1197 2674 1427 2717 εἰρῆσθαι]

792 2721 1043 2761 Intelliguntur
1067 2721 1162 2753 orbis
1188 2722 1364 2754 stellarum
1390 2722 1429 2753 fi-

793 2777 931 2805 xarum,
956 2765 1019 2798 Sol
1045 2770 1079 2797 et
1102 2766 1215 2800 Luna.

1041 2823 1152 2863 33*
