1781 2971
178 158 259 200 DE
293 157 568 201 LEGIBUS
601 157 718 200 [ΑΒ.
750 157 832 199 ΧΙ.
870 159 915 200 Ρ.
945 160 1040 200 936.
1071 161 1165 202 937.
1201 158 1264 202 St.
1335 161 1417 202 3⁶25

60 277 122 330 τῷ
158 274 378 335 φάσκοντι
413 277 658 331 βλαβῆναι,
704 279 775 318 καὶ
814 274 893 318 ὲάν
928 279 1019 337 ἕλῃ,
1069 279 1306 320 διπλασίαν
1341 278 1419 328 τῆς

59 341 187 394 ἀξίας
221 345 300 386 τοῦ
340 343 502 386 δούλου
537 344 782 397 κομιζέσθω
823 337 873 395 ἧς
908 341 968 385 ἂν
1004 343 1164 404 τιμήσῃ
1200 342 1251 386 τὸ
1294 346 1414 386 δικα-

59 409 256 465 στήριον,
295 408 374 453 ὲάν
410 412 455 453 δε
492 407 685 470 ἡττηθῇ,
726 410 807 462 τήν
836 427 879 453 τε
913 411 1089 465 βλάβην
1125 411 1321 462 ἐξιάσθω
1345 415 1418 453 καὶ

58 475 138 519 τὸν
174 479 339 520 δοῦλον
391 475 646 532 παραδότω,
698 481 768 519 καὶ
805 476 886 519 ὲάν
938 475 1180 531 ὑποζύγιον
1217 475 1242 529 ἢ
1280 482 1418 527 ἵππος

57 541 84 595 ἢ
121 542 238 586 κύων
276 542 301 595 ἦ
334 561 378 586 τι
413 545 501 585 τῶν
533 542 680 586 ἄλλων
730 544 1006 599 θρεμμάτων
1041 547 1216 595 σίνηταί
1252 561 1293 586 τι
1331 546 1418 587 τῶν

58 613 202 660 πέλας,
239 608 352 652 κατὰ
391 608 535 654 ταύτὰ
574 615 753 654 ἐκτίνειν
792 610 874 663 τὴν
909 611 1097 665 βλάβην.

154 698 260 742 Ἐάν
309 718 373 750 τις
424 698 532 742 ἑκών
578 699 637 754 μὴ
681 698 811 759 ’θέλῃ
846 709 1107 755 μαρτυρεῖν,
1160 703 1414 755 προςκαλεῖ-

55 768 171 808 σθαι
220 765 298 808 τὸν
349 766 579 820 δεόμενον,
640 765 663 809 ὁ
721 768 764 808 δὲ
818 769 1116 822 προςκληθεὶς
1166 766 1412 809 ἀπαντάτω

54 831 166 887 πρὸς
202 831 284 884 τὴν
321 835 469 886 δίκην,
501 835 573 874 καὶ
610 831 689 875 ὲάν
723 836 803 888 μὲν
843 835 934 894 εἰδῇ
965 836 1038 876 καὶ
1075 836 1210 893 ἐθέλῃ
1246 851 1412 889 μαρτυ-

53 907 167 953 ρεῖν,
212 904 510 955 μαρτυρείτω,
549 896 627 941 ὲάν
665 902 709 942 δὲ
747 903 905 943 εἰδέναι
939 899 1000 954 μὴ
1040 902 1123 960 ‘HI‘
1159 900 1262 950 τοὺς
1303 909 1414 957 τρεῖςΙ

53 963 193 1014 θεοὺς
238 969 318 1009 Δία
363 969 434 1008 καὶ
479 966 747 1009 Ἀπόλλωνα
794 970 865 1009 καὶ
918 968 1051 1023 Θέμιν
1095 967 1332 1021 ἀπομόσας
1383 962 1409 1019 ἦ

52 1030 140 1085 μὴν
186 1031 245 1086 μὴ
294 1036 451 1076 εἰδέναι
494 1033 853 1076 ἀπαλλαττέσθω
903 1036 981 1086 τῆς
1028 1037 1160 1085 δίκης.
1211 1033 1234 1076 ὁ
1269 1035 1306 1076 δ’
1353 1040 1410 1085 εὶς

51 1103 303 1155 μαρτυρίαν
340 1103 543 1152 κληθείς,
589 1099 648 1153 μὴ
685 1100 902 1142 ἀπαντῶν
939 1103 982 1143 aa*
1020 1103 1079 1155 τῷ
1119 1104 1409 1156 καλεσαμένῳ,

53 1168 132 1218 τῆς
179 1165 349 1221 βλάβης
395 1165 607 1217 ὑπόδικος
644 1171 751 1210 ἔστω
801 1167 912 1210 κατά
954 1167 1107 1221 νόμον.
1145 1166 1225 1209 ἐὰν
1265 1171 1309 1212 δὲ
1346 1174 1409 1219 τίς

53 1249 151 1276 τινα
202 1233 442 1286 δικάζοντα
488 1234 791 1286 ἀναστήσηται
843 1235 1071 1291 μάρτυρα,
1121 1235 1410 1291 μαρτυρήσας

148 1387 185 1421 Ε.
234 1384 332 1419 Ἐάν
359 1397 419 1419 τις
452 1386 562 1419 ἑκών
587 1388 637 1430 μὴ
673 1385 818 1430 ’θέλῃ
846 1389 962 1420 θέλειν
987 1399 1022 1421 x.
1056 1390 1145 1422 Dein
1179 1391 1316 1432 κληθεὶς
1342 1402 1406 1433 pro

54 1446 72 1463 v
113 1434 324 1475 προκληθείς
348 1445 400 1476 pr.
429 1435 473 1465 A.
506 1432 542 1467 Ω.
573 1434 656 1474 θέλῃ
683 1437 736 1467 καὶ
762 1439 944 1476 μαρτυρεῖν
972 1436 1007 1467 Ξ.

1452 349 1489 390 Ε

1440 1046 1520 1088 937

54 1545 186 1577 Similis
224 1550 279 1577 est
321 1547 377 1577 lex
413 1544 557 1578 Solonis
600 1548 694 1588 apud

54 1591 277 1624 Plutarch.
307 1592 378 1623 Vit.
406 1592 480 1624 Sol.
509 1604 536 1625 c.
564 1592 619 1626 24.

119 1679 210 1713 Ἐάν
252 1691 311 1714 τις
339 1681 450 1716 ἑκών
492 1681 542 1725 μὴ
580 1680 692 1724 ’θέλῃ

51 1729 312 1770 μαρτυρεῖν]
341 1728 386 1762 Si
413 1731 510 1771 quis
536 1731 691 1762 volens

51 1776 362 1807 testimonium
415 1777 566 1807 dicere
618 1787 693 1808 no-

52 1821 212 1860 luerit,
246 1822 412 1853 citetur
437 1822 485 1853 ab
512 1832 582 1862 eo,
619 1824 694 1864 qui

53 1872 166 1898 teste
194 1868 405 1908 indigeat,
435 1869 692 1910 citatusque

51 1913 102 1943 ad
128 1913 345 1944 iudicium
373 1924 415 1945 se
441 1915 596 1945 sistito
617 1920 690 1946 etr.

51 1959 308 1989 Testimonium
335 1960 450 1991 dicere
477 1961 601 2000 quibus
639 1961 691 1991 vel

51 2005 191 2036 licuerit
221 2014 264 2034 ex
296 2006 372 2036 iure
399 2006 519 2036 Attico
553 2006 606 2036 vel
633 2016 690 2037 ne-

52 2061 148 2082 cesse
194 2050 317 2089 fuerit,
366 2056 446 2092 post
499 2051 690 2083 Petitum

51 2096 160 2137 Legg.
187 2098 262 2127 Att.
290 2107 323 2137 p.
340 2097 420 2130 443.
441 2097 612 2138 aliosque,
633 2099 691 2138 qui

50 2144 199 2174 maxime
212 2144 265 2173 usi
283 2148 363 2174 sunt
375 2145 452 2174 loco
465 2143 497 2173 D
509 2153 526 2174 e
536 2154 568 2174 m
579 2154 598 2174 o
611 2154 625 2174 s
635 2145 689 2175 th.

51 2199 79 2219 c.
119 2188 274 2219 Timoth.
312 2199 344 2230 p.
372 2189 572 2229 1195‚12.‚
611 2190 691 2221 sub-

51 2234 160 2265 tiliter
223 2236 387 2274 exposuit
432 2234 689 2267 Scho'mann.

55 2278 213 2311 Proeessl
251 2282 359 2312 Attio.
397 2292 430 2322 p.
468 2281 690 2316 657—674.

51 2325 109 2356 ubi
130 2327 300 2366 imprimis
320 2327 416 2365 legas
435 2337 467 2367 p.
477 2327 540 2360 671
556 2338 608 2368 sq.
625 2327 689 2359 Ce-

51 2377 162 2403 terum
186 2372 337 2402 dubitari
364 2374 423 2403 vix
448 2378 575 2413 potest,
606 2376 689 2415 quin

51 2418 154 2448 Plato
181 2417 236 2447 hie
263 2427 403 2460 qupqne
422 2420 618 2450 Atticorum
638 2421 688 2452 iu-

51 2465 250 2495 stitutorum
265 2465 436 2495 rationem
444 2466 605 2496 tenuerit.
619 2466 689 2497 Pro

52 2508 325 2548 προςκαλεῖσθαῖ
375 2515 409 2541 et
463 2511 691 2551 προςκληθείς

48 2556 166 2595 jndice
193 2554 359 2586 Cobeto
386 2555 501 2587 Novv.
524 2557 635 2588 Leett.
658 2568 689 2599 p.

51 2601 128 2635 377.
156 2602 378 2632 scribendum
396 2602 534 2632 videtur
561 2613 689 2642 προκα·

53 2646 185 2678 λεῖσθαι
199 2652 232 2678 et
258 2648 384 2688 προκλη
392 2647 475 2682 θείς.
488 2647 577 2679 Nam
594 2651 690 2681 testi-

53 2694 158 2724 monii
178 2693 396 2725 denuntiatio
412 2692 545 2725 Graece
563 2695 690 2727 dicitur

54 2736 256 2779 πρόκλησις,
282 2749 351 2771 non
383 2738 597 2780 πρόςκλησιε.

809 1544 1033 1586 ἀπομόσας
1060 1542 1080 1589 ἦ
1106 1546 1185 1588 μήν
1217 1545 1269 1588 μὴ
1301 1547 1406 1579 εἰδέ-

763 1593 849 1635 ναι]
878 1594 1071 1626 Dicebatur
1089 1594 1156 1625 hoc
1182 1595 1221 1624 iu
1244 1594 1322 1625 foro
1344 1596 1406 1625 At-

760 1641 830 1671 tico
868 1638 1041 1679 ἐξωμοσία
1083 1645 1116 1671 et
1157 1637 1404 1679 ἐξομόσασθαι.

762 1686 855 1717 Poll
867 1696 921 1716 ux
937 1685 1003 1717 On.
1020 1685 1117 1716 VIII.
1132 1685 1190 1719 55.
1209 1683 1404 1724 ἑξαίμνυντο

764 1730 801 1762 δέ
826 1732 880 1762 καὶ
907 1731 944 1762 οἱ
965 1731 1149 1773 κληθέντες
1173 1729 1350 1772 μάρτυρες,
1377 1732 1409 1763 εί

764 1775 932 1818 φάσκοιεν
955 1777 1059 1819 μηδὲν
1084 1777 1290 1809 ἐπίστασθαι
1327 1779 1402 1809 τοτ’-

763 1835 845 1862 tow,
877 1823 926 1855 εἰς
950 1822 971 1854 ἃ
1004 1825 1271 1864 προκαλοῦνται.
1311 1825 1403 1855 conf.

762 1870 890 1901 Demo
907 1871 988 1901 sth.
1016 1871 1069 1901 De
1086 1870 1161 1903 fals.
1179 1871 1245 1911 leg.
1273 1881 1307 1911 p.
1322 1870 1401 1904 396.

762 1916 816 1948 19.
842 1917 878 1946 in
905 1915 1116 1957 Stephan.
1148 1926 1179 1955 p.
1211 1916 1312 1954 1119,
1346 1916 1399 1949 10.

759 1961 816 1994 ⁶20.
848 1962 885 1992 in
911 1962 1038 1992 Eubul.
1073 1972 1104 2001 p.
1138 1961 1238 1995 1317.
1271 1963 1306 1992 in
1342 1962 1401 1992 Ti-

760 2007 867 2038 moth.
908 2018 939 2048 p.
973 2006 1082 2045 1190,
1125 2008 1179 2041 10.
1220 2007 1400 2048 Lycurg.

760 2054 793 2083 iu
819 2053 946 2085 Leocr.
968 2064 1001 2094 p.
1029 2053 1105 2086 151.
1134 2054 1334 2085 Aeschin.
1371 2066 1398 2086 c.

760 2099 852 2130 Tim.
878 2110 910 2140 p.
939 2099 992 2133 72.
1028 2099 1190 2131 Ceterum
1221 2110 1281 2140 per
1312 2103 1399 2131 tres

760 2145 864 2177 deos
897 2146 1014 2176 iurare
1054 2146 1158 2176 etiam
1195 2145 1345 2177 Athenis
1381 2158 1400 2177 e

760 2190 904 2223 Solonis
930 2192 1065 2232 legibus
1091 2193 1236 2222 solenne
1262 2193 1339 2224 fuit.
1367 2204 1396 2223 v.

760 2237 920 2268 Pollux
939 2236 1127 2270 V111.142.
1149 2237 1399 2277 Petit.Legg.

761 2285 831 2314 Att.
864 2295 896 2324 p.
925 2283 1003 2317 438.
1035 2284 1087 2316 ed.
1120 2283 1234 2314 VVess.
1268 2282 1398 2323 Span-

758 2330 862 2361 hem.
888 2330 932 2361 ad
953 2330 1135 2370 Aristoph.
1152 2329 1268 2359 Nubb.
1298 2328 1397 2361 ]234.

808 2376 845 2406 Ρ-
871 2375 950 2409 937.
1002 2375 1069 2415 τῆς
1100 2372 1265 2414 βλάβης
1299 2371 1397 2404 τ’πό-

759 2419 880 2452 δικος
924 2421 1047 2461 ἔστω]
1095 2421 1210 2451 Etiam
1248 2421 1397 2452 Athenis

758 2468 815 2507 qui
847 2467 1038 2499 testimonii
1074 2467 1262 2497 dictionem
1299 2477 1397 2497 recu-

758 2514 950 2552 savissent,
997 2512 1140 2543 obnoxii
1187 2517 1286 2543 eraut
1321 2512 1396 2552 δίκῃ

759 2556 908 2599 βλάβης;
941 2559 983 2589 de
1011 2568 1080 2599 quo
1115 2568 1146 2587 v.
1173 2557 1323 2590 Meier.
1358 2565 1395 2590 et

759 2604 1017 2636 Schomann.
1058 2604 1218 2637 Process.
1255 2606 1328 2635 Att.
1360 2615 1392 2645 p.

758 2651 835 2685 672.
870 2670 906 2673 -—
948 2648 1294 2690 δικάζοντα,-ἰιιε
1332 2650 1392 2681 di-

758 2702 936 2728 centem.
990 2695 1043 2727 De
1090 2705 1128 2727 re
1178 2707 1207 2727 v.
1251 2695 1391 2727 Scho-

758 2753 887 2773 mann.
919 2743 937 2772 l.
967 2752 994 2773 c.
