1781 2971
411 168 792 211 EPINOMIS.
829 168 875 210 P.
907 167 1088 209 §mosst
1341 167 1416 207 531

78 285 201 336 λα’κις
229 285 371 329 ταύτά
402 289 495 342 περὶ
518 287 606 328 τῶν
628 285 778 328 αὐτῶν
808 286 1132 338 διαλεγώμεθα,
1170 284 1249 332 τας
1273 281 1423 333 ἄλλας,

79 352 187 404 ὅσας
224 359 268 396 ἐν
306 355 365 409 τῷ
405 352 607 409 πρόσθεν
644 352 955 408 διεξήλθομεν,
1000 351 1131 402 ὸῦοὐς
1165 350 1333 394 τούτων
1370 352 1421 394 οὐ

79 419 238 478 ῥᾴδιον
271 421 481 473 ξυννοεῖν.
520 423 589 463 ἐπὶ
626 423 670 463 δὲ
711 422 852 462 ταῦτα
890 419 1306 474 παρασκευάζοντας
1341 420 1424 477 φύ-

80 503 178 539 σεις,
217 491 315 538 οἵας
343 486 536 531 δυνατὸν
563 487 685 537 εἶναι,
718 485 858 542 χρεών
894 487 1034 530 πολλοὶ
1065 485 1423 543 προὸιιῖιέσκοντα

79 558 152 598 καὶ
198 557 409 608 ἐθίζοντα
456 553 560 616 [δεῖ]
609 554 979 605 ὃιαπονήσασθαι
1024 557 1161 596 παῖδα
1210 554 1319 596 ὄντα
1355 558 1425 598 καὶ

79 625 322 666 νεανίσκον.
368 620 435 666 διὸ
474 622 762 678 μαθημάτων
795 624 892 664 δέον
929 620 986 663 ἄν
1022 621 1108 672 εἴη·
1146 619 1192 664 τὸ
1233 625 1276 664 δὲ
1312 627 1428 677 μέγι-

78 688 187 733 στόν
223 707 267 733 τε
302 696 374 733 καὶ
412 692 588 746 πρῶτον
634 689 849 744 ἀριθμῶν
896 687 1069 742 αὐτῶν,
1116 688 1214 730 ἀλλ’
1253 688 1305 733 οὐ
1343 689 1425 731 σώ-

78 773 199 812 ματα
247 756 457 812 ἐχόντων,
504 755 618 798 ἀλλὰ
657 755 762 808 ὅλης
795 758 874 808 τῆς
920 758 998 798 τοῦ
1034 757 1240 810 περιττοῦ
1277 773 1320 798 τε
1355 759 1426 799 καὶ

79 823 239 880 ἀρτίου
288 823 489 875 γενέσεώς
532 840 575 865 τε
621 826 691 866 καὶ
740 823 984 878 δυνάμεως,
1032 821 1140 874 ὅσην
1195 830 1425 878 παρέχεται

78 889 190 947 πρὸς
224 887 306 942 τὴν
343 893 430 934 τῶν
465 888 607 933 ὄντων
636 891 783 948 φύσιν.
820 892 963 932 ταῦτα
1001 892 1044 932 δὲ
1081 890 1283 944 μαθόντι
1322 890 1420 933 τού-

80 975 173 1007 τοις
225 957 378 1016 ἐφεξῆς
423 960 539 1000 ἐστὶν
585 955 606 1000 ὃ
655 959 839 1000 καλοῦσι
885 960 965 1011 μὲν
1021 958 1195 1015 σφόδρα
1252 960 1426 1010 γελοῖον

80 1021 224 1080 ὄνομα
260 1028 545 1080 γεωμετρίαν,
585 1026 670 1066 τῶν
710 1024 790 1068 οὐκ
827 1023 968 1068 ὄντων
1006 1027 1049 1067 δὲ
1088 1023 1252 1079 ὁμοίων
1289 1024 1426 1076 ἀλλή-

82 1123 209 1163 Angel.
237 1122 343 1154 habet
368 1118 417 1153 δι’
446 1121 530 1153 οἵας.
563 1133 592 1153 v.
619 1123 807 1163 Explicatt.
853 1123 945 1154 Dein
972 1133 1036 1164 pro
1063 1124 1156 1164 vulg.
1189 1121 1427 1156 διαπονεῖσθαι

80 1169 181 1202 ‹·o‹l‹l.
208 1179 288 1199 mss.
318 1179 437 1200 omnes
464 1166 754 1209 διαπονήσασθαι,

174 1216 342 1256 πρῶτον
370 1211 583 1255 ἀριθμώνΙ
613 1216 729 1255 Vulgo
756 1211 918 1253 ἀριθμόν.
946 1213 1058 1247 Codd.
1086 1212 1317 1247 AQEVoss.
1344 1226 1377 1246 x.
1398 1226 1425 1247 r.

82 1270 113 1291 a*
141 1270 158 1290 o
196 1259 225 1291 δ.
253 1272 283 1292 α.
310 1261 446 1300 πρῶτον
472 1262 537 1292 καὶ
565 1257 734 1300 ἀριθμῶν,
771 1261 877 1292 Recte
903 1261 1084 1291 Bekkerus
1114 1261 1166 1291 καὶ
1191 1263 1323 1302 sprevit
1350 1273 1425 1294 cum

82 1307 162 1338 eod.
199 1304 240 1338 Z.
273 1307 365 1338 Dein
400 1305 535 1346 σώματα
564 1306 605 1338 Z.
633 1318 658 1339 r.
689 1318 722 1338 x.
751 1304 780 1337 δ.
810 1313 841 1338 et
867 1317 955 1338 corr.
987 1304 1024 1337 Ω.
1051 1317 1080 1338 a.
1109 1317 1137 1338 c.
1166 1318 1194 1338 0.
1231 1319 1296 1349 pro
1330 1309 1424 1349 vulg.

84 1349 251 1391 σώματος,
278 1354 347 1385 iam
373 1364 392 1384 a
418 1354 582 1385 Bekkero
609 1358 777 1385 correcto.

173 1399 219 1430 D.
269 1396 434 1438 ὁμοίων
459 1396 677 1441 ἀλλήλοις]
710 1400 748 1430 V.
776 1395 930 1440 ἀλλήλοις
957 1395 1086 1437 ὁμοίων
1110 1409 1185 1430 cum
1216 1399 1303 1434 Veri.
1332 1399 1371 1433 Ξ.

83 1489 202 1510 onem
246 1480 267 1510 l.
302 1491 330 1510 c.
368 1491 447 1511 mss.
491 1477 551 1510 τόν
593 1478 629 1510 δὲ
666 1478 720 1510 ἐπὶ

789 1480 879 1510 enda
913 1480 1117 1520 repetitum,
1160 1480 1251 1520 quod
1289 1490 1427 1520 geome-

83 1526 188 1556 ταῦτα
242 1524 542 1566 παρασκευάζοντα
597 1524 721 1566 φύσεις

788 1526 873 1565 tria,
905 1535 993 1565 quae
1019 1531 1175 1565 vocatur,
1201 1527 1293 1566 apud
1319 1524 1427 1558 Grae-

85 1571 161 1602 οἴας
177 1569 326 1603 δυνατὸν
338 1570 462 1603 πολλὰς
479 1570 720 1613 προδιδάσκειν

82 1618 175 1658 χρειά
207 1615 314 1653 ἐστίν,
347 1620 402 1649 vel
434 1617 539 1658 φύσις
573 1618 627 1650 οἵα
660 1616 719 1649 δυ’-

84 1660 190 1695 νατόν
216 1662 341 1696 πολλὰς
367 1676 395 1695 κ.
420 1675 446 1695 τ.
472 1665 499 1696 λ.

153 1706 196 1740 τό
238 1708 280 1741 δὲ
316 1709 519 1751 μέγιστον
555 1729 597 1732 ——
633 1706 718 1749 ἀρι-

84 1754 204 1794 θμῶν
234 1752 389 1797 αὐτῶν]
412 1755 468 1788 Sc.
485 1753 720 1797 ἐστὶμάθημα.

85 1801 298 1842 Intelligitur
322 1803 488 1834 mathesis
514 1813 612 1844 pura,
634 1812 721 1843 quae

85 1848 226 1879 diversa
251 1853 302 1880 est
327 1858 347 1880 a
370 1854 495 1881 natura
512 1846 723 1889 μαθημάτων

87 1890 223 1932 σώματα
247 1892 408 1934 ἑχόντων,
433 1895 466 1926 h.
492 1905 520 1926 e.
546 1905 566 1926 a
590 1895 721 1925 mathe-

87 1940 135 1976 si,
174 1950 262 1980 quae
294 1946 454 1972 versatur
487 1941 522 1971 in
558 1941 724 1979 numeris,

89 1986 148 2026 qui
175 1990 362 2026 vocantur,
391 1987 563 2017 concretis
589 1991 622 2017 et
648 1996 723 2017 eor-

87 2032 216 2071 poreis.
286 2032 424 2064 Laudat
470 2032 557 2064 haec
605 2031 723 2062 Theo

89 2076 252 2118 Smyrn.
290 2088 322 2118 p.
356 2078 411 2112 11.
454 2089 506 2119 sq.
546 2078 603 2108 ubi
641 2079 724 2108 item

89 2120 227 2161 σώματα
258 2122 404 2164 ἐχόντων
436 2126 600 2165 scriptum
642 2125 725 2164 legi-

88 2174 157 2200 tur.
207 2169 342 2202 Ibidem
368 2181 431 2211 pro
459 2167 525 2201 ἀλλ’
557 2166 637 2210 ὅλης
668 2169 727 2211 τῆς

89 2226 114 2247 τ.
151 2225 183 2248 π.
221 2217 321 2249 codd.
358 2213 424 2247 ἀλλ’
462 2212 571 2257 αὐτῆς
605 2216 665 2257 τῆς
700 2226 724 2248 r.

89 2261 182 2302 quod
206 2264 453 2302 praestabilius
478 2263 626 2295 videtur.
652 2261 727 2293 Nee

90 2309 322 2347 spernendum
349 2311 441 2350 quod
466 2310 539 2340 illic
559 2310 725 2349 scriptum

90 2356 188 2405 eutat
219 2350 323 2384 ὅσον
361 2355 549 2396 παρέχεται,
581 2366 628 2387 sc.
664 2350 724 2385 αὐ-

92 2409 163 2439 την.

135 2444 181 2475 D.
224 2441 400 2474 τούτοις
425 2443 583 2486 ἐφεξῆς
610 2443 726 2476 ἐστίν

91 2491 151 2532 -]
177 2490 373 2531 proxime
401 2490 610 2532 deinceps
637 2501 724 2522 cum

91 2535 155 2568 his
204 2536 481 2568 coniunctum
529 2542 603 2568 est.
672 2537 724 2568 De

93 2580 219 2623 ἑφεξῆς
249 2593 324 2613 cum
356 2583 511 2622 genitivo
543 2587 576 2614 et
604 2582 723 2613 dativo

93 2628 260 2668 coniungi
296 2628 402 2659 solito
437 2639 469 2659 v.
506 2629 550 2659 ad
587 2628 722 2659 Phileb.

94 2683 126 2715 p.
150 2672 204 2707 34.
231 2674 276 2705 D.
303 2672 340 2704 τὸ
367 2670 405 2704 δ’
439 2672 565 2716 ἐφεξῆς
592 2672 725 2705 τούτοις

95 2717 288 2760 πειρώμεθα
319 2718 435 2762 λέγειν.
471 2739 513 2742 -
553 2721 726 2761 γελοῖον

97 2762 244 2804 ὄνομα,
282 2770 404 2807 utpote
429 2777 450 2799 a
474 2771 566 2799 terra
591 2767 725 2798 dimeti-

789 1581 847 1602 cos
881 1573 984 1603 etiam
1018 1573 1153 1603 altioris
1186 1572 1426 1604 arithmeticae

788 1622 904 1658 partes
937 1619 981 1649 ad
1018 1619 1206 1658 figurarum
1249 1619 1426 1651 traductas

787 1665 942 1695 rationes
967 1665 1080 1704 iisque
1105 1665 1315 1696 assimilatas
1332 1675 1426 1696 eom-

788 1711 891 1750 plexa
917 1711 979 1750 sit,
1015 1711 1051 1741 id
1082 1711 1177 1751 quod
1208 1712 1358 1742 maxime
1384 1721 1426 1741 ex

791 1755 995 1796 Diophanto
1036 1757 1167 1787 clarum
1203 1757 1241 1787 fit
1277 1762 1311 1788 et
1348 1767 1425 1798 per-

790 1803 960 1842 spicuum.
1009 1801 1063 1833 De
1090 1812 1159 1843 qua
1180 1811 1217 1833 re
1244 1802 1426 1837 Bullial-

792 1849 868 1879 dus
894 1849 938 1879 ad
965 1847 1099 1880 Theou.
1128 1847 1266 1889 Smyrn.
1294 1860 1327 1890 p.
1347 1849 1425 1883 208.

792 1892 884 1931 Quia
919 1894 1157 1934 arithmetica,
1186 1896 1311 1936 inquit,
1348 1907 1430 1927 con-

792 1941 980 1979 templatur
1014 1950 1189 1979 numeros,
1227 1942 1284 1981 qui
1309 1943 1429 1973 condi-

792 1986 880 2015 tioni
932 1986 1114 2026 planarum
1170 1987 1429 2025 superficierum

792 2031 1056 2071 adsimilantur,
1088 2032 1257 2072 quaedam
1283 2033 1429 2065 interce-

793 2078 845 2107 dit
874 2078 964 2108 inter
997 2077 1249 2108 arithmeticam
1280 2084 1313 2109 et
1345 2090 1427 2120 geo—

793 2124 951 2155 metriam
978 2123 1207 2155 similitudof*

842 2170 922 2200 τῶν
949 2164 1028 2200 οὐκ
1055 2168 1188 2201 ὄντων
1208 2167 1252 2200 δὲ
1271 2166 1428 2209 ὁμοίων

794 2215 851 2256 -1
884 2225 1001 2257 quum
1026 2219 1162 2247 tamen
1194 2225 1278 2247 non
1312 2219 1429 2249 simi-

793 2261 894 2292 lium
931 2262 1048 2292 inter
1083 2271 1125 2292 se
1160 2261 1314 2293 natura
1354 2263 1429 2295 sua.

794 2316 1071 2338 numerorum
1106 2308 1345 2340 manifesta
1370 2311 1429 2341 sit

793 2353 1072 2384 assimilatio
1099 2353 1255 2385 habita
1279 2356 1427 2396 plano-

793 2410 881 2430 rum
908 2398 1097 2430 ratione.
1149 2398 1245 2436 Quae
1261 2411 1426 2441 quorsum

791 2446 990 2486 pertineant
1014 2450 1073 2477 aut
1100 2447 1276 2486 quomo-do
1301 2448 1428 2480 intelli-

793 2492 907 2532 geuda
931 2491 1017 2530 sint,
1047 2491 1187 2532 planum
1215 2493 1280 2532 erit
1306 2504 1349 2525 ex
1372 2495 1427 2526 in-

791 2537 1041 2578 terpretatione
1067 2541 1188 2568 nostra
1212 2539 1279 2570 loci
1307 2540 1426 2572 Plato-

792 2585 845 2615 nis
879 2583 1022 2614 Theaet.
1056 2593 1087 2624 p.
1114 2582 1190 2617 148.
1223 2584 1265 2615 Β.
1316 2586 1426 2618 Nimi-

792 2641 868 2661 rum
907 2639 988 2660 vere
1018 2629 1194 2660 Astius:
1234 2630 1426 2670 .‚Radices,

792 2676 917 2717 inquit,
946 2675 1190 2715 intelliguntur
1204 2686 1427 2710 numerorum

793 2722 997 2762 imperfecto
1033 2721 1283 2761 quadratorum
1318 2734 1345 2755 s.
1381 2725 1427 2755 ir-

793 2768 1036 2805 rationalium,
1081 2768 1140 2808 qui
1171 2778 1233 2809 per
1264 2771 1428 2811 spatium,

1051 2823 1160 2864 34*

1458 893 1493 933 l)
