<?xml version="1.0" encoding="UTF-8"?>
<!DOCTYPE html PUBLIC "-//W3C//DTD XHTML 1.0 Transitional//EN"
    "http://www.w3.org/TR/xhtml1/DTD/xhtml1-transitional.dtd">
<html xmlns="http://www.w3.org/1999/xhtml" xml:lang="en" lang="en">
 <head>
  <title>
</title>
<meta http-equiv="Content-Type" content="text/html;charset=utf-8" />
  <meta name='ocr-system' content='tesseract 3.04.00' />
  <meta name='ocr-capabilities' content='ocr_page ocr_carea ocr_par ocr_line ocrx_word'/>
</head>
<body>
  <div class='ocr_page' id='page_1' title='image "./n3operaomniarecens10platuoft/n3operaomniarecens10platuoft_0374.png"; bbox 0 0 1781 2971; ppageno 0'>
   <div class='ocr_carea' id='block_1_1' title="bbox 294 162 1158 206">
    <p class='ocr_par' dir='ltr' id='par_1_1' title="bbox 294 162 1158 206">
     <span class='ocr_line' id='line_1_1' title="bbox 294 162 1158 206; baseline 0 -2"><span class='ocrx_word' id='word_1_1' title='bbox 294 166 376 206; x_wconf 84' lang='lat'><strong><em>370</em></strong></span> <span class='ocrx_word' id='word_1_2' title='bbox 779 162 1158 205; x_wconf 76' lang='lat' dir='ltr'>PLATONIS</span> 
     </span>
    </p>
   </div>
   <div class='ocr_carea' id='block_1_2' title="bbox 296 277 1651 1204">
    <p class='ocr_par' dir='ltr' id='par_1_2' title="bbox 296 277 1651 1204">
     <span class='ocr_line' id='line_1_2' title="bbox 296 277 1648 337; baseline -0.001 -13"><span class='ocrx_word' id='word_1_3' title='bbox 296 280 379 333; x_wconf 84' lang='grc' dir='ltr'><strong><em>τὴν</em></strong></span> <span class='ocrx_word' id='word_1_4' title='bbox 412 279 710 335; x_wconf 75' lang='grc' dir='ltr'><em>ἀνθρωπίνην</em></span> <span class='ocrx_word' id='word_1_5' title='bbox 739 279 873 333; x_wconf 79' lang='grc' dir='ltr'><strong><em>δόξαν</em></strong></span> <span class='ocrx_word' id='word_1_6' title='bbox 902 282 962 335; x_wconf 82' lang='grc' dir='ltr'><strong><em>τῷ</em></strong></span> <span class='ocrx_word' id='word_1_7' title='bbox 993 281 1295 337; x_wconf 85' lang='grc' dir='ltr'><strong><em>ἐπιορκοῦντι·</em></strong></span> <span class='ocrx_word' id='word_1_8' title='bbox 1326 280 1413 322; x_wconf 79' lang='grc' dir='ltr'><strong><em>τῶν</em></strong></span> <span class='ocrx_word' id='word_1_9' title='bbox 1437 282 1481 322; x_wconf 80' lang='grc' dir='ltr'><strong><em>δὲ</em></strong></span> <span class='ocrx_word' id='word_1_10' title='bbox 1504 277 1648 323; x_wconf 86' lang='grc' dir='ltr'><strong><em>ὁπόσα</em></strong></span> 
     </span>
     <span class='ocr_line' id='line_1_3' title="bbox 298 345 1649 403; baseline -0.001 -13"><span class='ocrx_word' id='word_1_11' title='bbox 298 348 590 402; x_wconf 73' lang='grc' dir='ltr'><strong><em>ἐξαρνηθέντι</em></strong></span> <span class='ocrx_word' id='word_1_12' title='bbox 615 349 686 389; x_wconf 79' lang='grc' dir='ltr'><strong><em>καὶ</em></strong></span> <span class='ocrx_word' id='word_1_13' title='bbox 712 347 1018 402; x_wconf 75' lang='grc' dir='ltr'><em>ἐξομοσαμένῳ</em></span> <span class='ocrx_word' id='word_1_14' title='bbox 1049 350 1198 403; x_wconf 80' lang='grc' dir='ltr'><em>κέρδος</em></span> <span class='ocrx_word' id='word_1_15' title='bbox 1221 350 1330 400; x_wconf 82' lang='grc' dir='ltr'><strong><em>μέγα</em></strong></span> <span class='ocrx_word' id='word_1_16' title='bbox 1358 345 1558 403; x_wconf 70' lang='grc' dir='ltr'><strong><em>([ανερὸν</em></strong></span> <span class='ocrx_word' id='word_1_17' title='bbox 1592 346 1649 389; x_wconf 82' lang='grc' dir='ltr'><strong><em>εἶ-</em></strong></span> 
     </span>
     <span class='ocr_line' id='line_1_4' title="bbox 298 413 1649 468; baseline -0.001 -12"><span class='ocrx_word' id='word_1_18' title='bbox 298 430 373 456; x_wconf 90' lang='grc' dir='ltr'><strong><em>ναι</em></strong></span> <span class='ocrx_word' id='word_1_19' title='bbox 404 415 534 462; x_wconf 82' lang='grc' dir='ltr'><strong><em>δοκεῖ,</em></strong></span> <span class='ocrx_word' id='word_1_20' title='bbox 572 415 714 456; x_wconf 86' lang='grc' dir='ltr'><strong><em>ταῦτα</em></strong></span> <span class='ocrx_word' id='word_1_21' title='bbox 743 416 787 456; x_wconf 81' lang='grc' dir='ltr'><strong><em>δὲ</em></strong></span> <span class='ocrx_word' id='word_1_22' title='bbox 826 414 897 456; x_wconf 84' lang='grc' dir='ltr'><strong><em>διὰ</em></strong></span> <span class='ocrx_word' id='word_1_23' title='bbox 923 416 1053 456; x_wconf 84' lang='grc' dir='ltr'><strong><em>δικῶν</em></strong></span> <span class='ocrx_word' id='word_1_24' title='bbox 1090 413 1234 468; x_wconf 82' lang='grc' dir='ltr'><strong><em>ὅρκων</em></strong></span> <span class='ocrx_word' id='word_1_25' title='bbox 1257 415 1388 468; x_wconf 73' lang='grc' dir='ltr'><strong><em>χωρὶς</em></strong></span> <span class='ocrx_word' id='word_1_26' title='bbox 1414 416 1649 468; x_wconf 83' lang='grc' dir='ltr'><strong><em>κρίνεσθαι</em></strong></span> 
     </span>
     <span class='ocr_line' id='line_1_5' title="bbox 297 478 1650 535; baseline -0.001 -12"><span class='ocrx_word' id='word_1_27' title='bbox 297 480 557 535; x_wconf 70' lang='grc' dir='ltr'><strong><em>ξίμπαντας</em></strong></span> <span class='ocrx_word' id='word_1_28' title='bbox 586 478 691 531; x_wconf 83' lang='grc' dir='ltr'><strong><em>τοὺς</em></strong></span> <span class='ocrx_word' id='word_1_29' title='bbox 718 482 1041 531; x_wconf 77' lang='grc' dir='ltr'><strong><em>ἐπικαλοῦντας</em></strong></span> <span class='ocrx_word' id='word_1_30' title='bbox 1071 479 1291 532; x_wconf 79' lang='grc' dir='ltr'><strong><em>ἀλλήλοις.</em></strong></span> <span class='ocrx_word' id='word_1_31' title='bbox 1315 482 1387 523; x_wconf 81' lang='grc' dir='ltr'><strong><em>καὶ</em></strong></span> <span class='ocrx_word' id='word_1_32' title='bbox 1418 479 1468 523; x_wconf 86' lang='grc' dir='ltr'><strong><em>τὸ</em></strong></span> <span class='ocrx_word' id='word_1_33' title='bbox 1503 478 1650 535; x_wconf 77' lang='grc' dir='ltr'><strong><em>παρά·</em></strong></span> 
     </span>
     <span class='ocr_line' id='line_1_6' title="bbox 299 545 1649 608; baseline -0.001 -18"><span class='ocrx_word' id='word_1_34' title='bbox 299 564 390 590; x_wconf 89' lang='grc' dir='ltr'><strong><em>παν</em></strong></span> <span class='ocrx_word' id='word_1_35' title='bbox 423 552 468 590; x_wconf 87' lang='grc' dir='ltr'><strong><em>ἐν</em></strong></span> <span class='ocrx_word' id='word_1_36' title='bbox 505 549 599 608; x_wconf 80' lang='grc' dir='ltr'><strong><em>δίκῃ</em></strong></span> <span class='ocrx_word' id='word_1_37' title='bbox 638 546 741 597; x_wconf 84' lang='grc' dir='ltr'><strong><em>τους</em></strong></span> <span class='ocrx_word' id='word_1_38' title='bbox 775 549 1015 604; x_wconf 76' lang='grc' dir='ltr'><strong><em>προέδρους</em></strong></span> <span class='ocrx_word' id='word_1_39' title='bbox 1049 547 1110 601; x_wconf 79' lang='grc' dir='ltr'><strong><em>μὴ</em></strong></span> <span class='ocrx_word' id='word_1_40' title='bbox 1147 552 1390 604; x_wconf 79' lang='grc' dir='ltr'><strong><em>ἐπιτρέπειν</em></strong></span> <span class='ocrx_word' id='word_1_41' title='bbox 1425 545 1534 601; x_wconf 82' lang='grc' dir='ltr'><strong><em>μήτε</em></strong></span> <span class='ocrx_word' id='word_1_42' title='bbox 1567 545 1649 601; x_wconf 83' lang='grc' dir='ltr'><strong><em>ὀμ-</em></strong></span> 
     </span>
     <span class='ocr_line' id='line_1_7' title="bbox 300 612 1650 671; baseline -0.001 -13"><span class='ocrx_word' id='word_1_43' title='bbox 300 613 426 658; x_wconf 84' lang='grc' dir='ltr'><strong><em>νύντι</em></strong></span> <span class='ocrx_word' id='word_1_44' title='bbox 448 616 584 668; x_wconf 81' lang='grc' dir='ltr'><strong><em>λέγειν</em></strong></span> <span class='ocrx_word' id='word_1_45' title='bbox 614 612 927 666; x_wconf 86' lang='grc' dir='ltr'><strong><em>πιθανότητος</em></strong></span> <span class='ocrx_word' id='word_1_46' title='bbox 953 614 1086 669; x_wconf 89' lang='grc' dir='ltr'><strong><em>χάριν</em></strong></span> <span class='ocrx_word' id='word_1_47' title='bbox 1106 613 1216 668; x_wconf 83' lang='grc' dir='ltr'><strong><em>μήτε</em></strong></span> <span class='ocrx_word' id='word_1_48' title='bbox 1247 612 1532 671; x_wconf 76' lang='grc' dir='ltr'><strong><em>ἐπαρώμενον</em></strong></span> <span class='ocrx_word' id='word_1_49' title='bbox 1551 616 1650 656; x_wconf 80' lang='grc' dir='ltr'><strong><em>ἑαυ-</em></strong></span> 
     </span>
     <span class='ocr_line' id='line_1_8' title="bbox 301 677 1650 737; baseline -0.001 -14"><span class='ocrx_word' id='word_1_50' title='bbox 301 682 361 735; x_wconf 82' lang='grc' dir='ltr'><strong><em>τῷ</em></strong></span> <span class='ocrx_word' id='word_1_51' title='bbox 398 683 472 723; x_wconf 83' lang='grc' dir='ltr'><strong><em>καὶ</em></strong></span> <span class='ocrx_word' id='word_1_52' title='bbox 504 687 617 735; x_wconf 78' lang='grc' dir='ltr'><strong><em>γένει</em></strong></span> <span class='ocrx_word' id='word_1_53' title='bbox 651 679 759 736; x_wconf 83' lang='grc' dir='ltr'><strong><em>μήτε</em></strong></span> <span class='ocrx_word' id='word_1_54' title='bbox 792 685 993 730; x_wconf 80' lang='grc' dir='ltr'><strong><em>ἱκετείαις</em></strong></span> <span class='ocrx_word' id='word_1_55' title='bbox 1024 681 1252 737; x_wconf 74' lang='grc' dir='ltr'><strong><em>χρώμενον</em></strong></span> <span class='ocrx_word' id='word_1_56' title='bbox 1286 679 1505 736; x_wconf 83' lang='grc' dir='ltr'><strong><em>ἀσχήμοσι</em></strong></span> <span class='ocrx_word' id='word_1_57' title='bbox 1540 677 1650 735; x_wconf 84' lang='grc' dir='ltr'><strong><em>μήτε</em></strong></span> 
     </span>
     <span class='ocr_line' id='line_1_9' title="bbox 298 745 1651 803; baseline -0.002 -12"><span class='ocrx_word' id='word_1_58' title='bbox 298 748 462 798; x_wconf 77' lang='grc' dir='ltr'><strong><em>οἴκτοις</em></strong></span> <span class='ocrx_word' id='word_1_59' title='bbox 496 752 779 802; x_wconf 77' lang='grc' dir='ltr'><strong><em>γυναικείοις,</em></strong></span> <span class='ocrx_word' id='word_1_60' title='bbox 827 747 941 790; x_wconf 80' lang='grc' dir='ltr'><strong><em>ἀλλα</em></strong></span> <span class='ocrx_word' id='word_1_61' title='bbox 984 748 1031 790; x_wconf 85' lang='grc' dir='ltr'><strong><em>τὸ</em></strong></span> <span class='ocrx_word' id='word_1_62' title='bbox 1081 751 1250 790; x_wconf 85' lang='grc' dir='ltr'><strong><em>δίκαιον</em></strong></span> <span class='ocrx_word' id='word_1_63' title='bbox 1285 745 1379 802; x_wconf 82' lang='grc' dir='ltr'><strong><em>μετ’</em></strong></span> <span class='ocrx_word' id='word_1_64' title='bbox 1432 747 1651 803; x_wconf 65' lang='grc' dir='ltr'><strong><em>εὐφημίας</em></strong></span> 
     </span>
     <span class='ocr_line' id='line_1_10' title="bbox 298 813 1649 870; baseline -0.001 -12"><span class='ocrx_word' id='word_1_65' title='bbox 298 813 568 858; x_wconf 71' lang='grc' dir='ltr'><strong><em>διδάσκοντα</em></strong></span> <span class='ocrx_word' id='word_1_66' title='bbox 605 818 676 858; x_wconf 82' lang='grc' dir='ltr'><strong><em>καὶ</em></strong></span> <span class='ocrx_word' id='word_1_67' title='bbox 713 813 1018 870; x_wconf 78' lang='grc' dir='ltr'><strong><em>μανθάνοντα</em></strong></span> <span class='ocrx_word' id='word_1_68' title='bbox 1056 813 1124 857; x_wconf 76' lang='grc' dir='ltr'><strong><em>ἀεὶ</em></strong></span> <span class='ocrx_word' id='word_1_69' title='bbox 1160 817 1387 865; x_wconf 82' lang='grc' dir='ltr'><strong><em>διατελεῖν,</em></strong></span> <span class='ocrx_word' id='word_1_70' title='bbox 1425 818 1459 856; x_wconf 80' lang='grc' dir='ltr'><strong><em>εὶ</em></strong></span> <span class='ocrx_word' id='word_1_71' title='bbox 1495 816 1539 856; x_wconf 82' lang='grc' dir='ltr'><strong><em>δὲ</em></strong></span> <span class='ocrx_word' id='word_1_72' title='bbox 1574 813 1649 867; x_wconf 83' lang='grc' dir='ltr'><strong><em>μή,</em></strong></span> 
     </span>
     <span class='ocr_line' id='line_1_11' title="bbox 297 878 1651 937; baseline -0.002 -13"><span class='ocrx_word' id='word_1_73' title='bbox 297 879 510 937; x_wconf 84' lang='grc' dir='ltr'><strong><em>καθάπερ</em></strong></span> <span class='ocrx_word' id='word_1_74' title='bbox 543 881 619 933; x_wconf 79' lang='grc' dir='ltr'><strong><em>ἔξω</em></strong></span> <span class='ocrx_word' id='word_1_75' title='bbox 644 884 725 925; x_wconf 89' lang='grc' dir='ltr'><strong><em>τοῦ</em></strong></span> <span class='ocrx_word' id='word_1_76' title='bbox 759 879 894 935; x_wconf 82' lang='grc' dir='ltr'><strong><em>λόγου</em></strong></span> <span class='ocrx_word' id='word_1_77' title='bbox 928 884 1143 934; x_wconf 79' lang='grc' dir='ltr'><strong><em>λέγοντος,</em></strong></span> <span class='ocrx_word' id='word_1_78' title='bbox 1182 879 1286 930; x_wconf 81' lang='grc' dir='ltr'><strong><em>τοὺς</em></strong></span> <span class='ocrx_word' id='word_1_79' title='bbox 1321 878 1543 936; x_wconf 80' lang='grc' dir='ltr'><strong><em>ἄρχοντας</em></strong></span> <span class='ocrx_word' id='word_1_80' title='bbox 1564 880 1651 922; x_wconf 89' lang='grc' dir='ltr'><strong><em>πά-</em></strong></span> 
     </span>
     <span class='ocr_line' id='line_1_12' title="bbox 297 945 1650 1004; baseline 0 -13"><span class='ocrx_word' id='word_1_81' title='bbox 297 951 367 991; x_wconf 88' lang='grc' dir='ltr'><strong><em>λιν</em></strong></span> <span class='ocrx_word' id='word_1_82' title='bbox 401 946 640 1002; x_wconf 77' lang='grc' dir='ltr'><strong><em>ἐπανάγειν</em></strong></span> <span class='ocrx_word' id='word_1_83' title='bbox 675 954 734 998; x_wconf 81' lang='grc' dir='ltr'><strong><em>εὶς</em></strong></span> <span class='ocrx_word' id='word_1_84' title='bbox 768 947 848 991; x_wconf 88' lang='grc' dir='ltr'><strong><em>τὸν</em></strong></span> <span class='ocrx_word' id='word_1_85' title='bbox 884 951 980 1004; x_wconf 84' lang='grc' dir='ltr'><strong><em>περὶ</em></strong></span> <span class='ocrx_word' id='word_1_86' title='bbox 1006 950 1085 990; x_wconf 89' lang='grc' dir='ltr'><strong><em>τοῦ</em></strong></span> <span class='ocrx_word' id='word_1_87' title='bbox 1118 946 1380 1002; x_wconf 87' lang='grc' dir='ltr'><strong><em>πράγματος</em></strong></span> <span class='ocrx_word' id='word_1_88' title='bbox 1403 947 1473 990; x_wconf 79' lang='grc' dir='ltr'><strong><em>ἀεὶ</em></strong></span> <span class='ocrx_word' id='word_1_89' title='bbox 1499 945 1650 1001; x_wconf 86' lang='grc' dir='ltr'><strong><em>λόγον.</em></strong></span> 
     </span>
     <span class='ocr_line' id='line_1_13' title="bbox 299 1011 1650 1071; baseline 0 -14"><span class='ocrx_word' id='word_1_90' title='bbox 299 1015 405 1069; x_wconf 78' lang='grc' dir='ltr'><strong><em>ξένῳ</em></strong></span> <span class='ocrx_word' id='word_1_91' title='bbox 443 1013 480 1057; x_wconf 86' lang='grc' dir='ltr'><strong><em>δ’</em></strong></span> <span class='ocrx_word' id='word_1_92' title='bbox 531 1014 643 1058; x_wconf 82' lang='grc' dir='ltr'><strong><em>εἶναι</em></strong></span> <span class='ocrx_word' id='word_1_93' title='bbox 678 1014 789 1071; x_wconf 90' lang='grc' dir='ltr'><strong><em>πρὸς</em></strong></span> <span class='ocrx_word' id='word_1_94' title='bbox 822 1014 992 1066; x_wconf 74' lang='grc' dir='ltr'><strong><em>ξένους,</em></strong></span> <span class='ocrx_word' id='word_1_95' title='bbox 1039 1016 1254 1069; x_wconf 79' lang='grc' dir='ltr'><strong><em>καθάπερ</em></strong></span> <span class='ocrx_word' id='word_1_96' title='bbox 1292 1011 1345 1056; x_wconf 80' lang='grc' dir='ltr'><strong><em>τὰ</em></strong></span> <span class='ocrx_word' id='word_1_97' title='bbox 1384 1016 1490 1068; x_wconf 83' lang='grc' dir='ltr'><strong><em>νῦν,</em></strong></span> <span class='ocrx_word' id='word_1_98' title='bbox 1538 1016 1650 1069; x_wconf 76' lang='grc' dir='ltr'><strong><em>δέχε-</em></strong></span> 
     </span>
     <span class='ocr_line' id='line_1_14' title="bbox 302 1079 1650 1136; baseline 0 -12"><span class='ocrx_word' id='word_1_99' title='bbox 302 1083 418 1124; x_wconf 86' lang='grc' dir='ltr'><strong><em>σθαί</em></strong></span> <span class='ocrx_word' id='word_1_100' title='bbox 455 1098 499 1123; x_wconf 82' lang='grc' dir='ltr'><strong><em>τε</em></strong></span> <span class='ocrx_word' id='word_1_101' title='bbox 535 1079 698 1136; x_wconf 86' lang='grc' dir='ltr'><strong><em>ὅρκους</em></strong></span> <span class='ocrx_word' id='word_1_102' title='bbox 733 1081 839 1136; x_wconf 85' lang='grc' dir='ltr'><strong><em>παρ’</em></strong></span> <span class='ocrx_word' id='word_1_103' title='bbox 881 1080 1106 1132; x_wconf 76' lang='grc' dir='ltr'><strong><em>ἀλλήλων,</em></strong></span> <span class='ocrx_word' id='word_1_104' title='bbox 1145 1079 1203 1123; x_wconf 72' lang='grc' dir='ltr'><strong><em>ἄν</em></strong></span> <span class='ocrx_word' id='word_1_105' title='bbox 1239 1083 1438 1129; x_wconf 75' lang='grc' dir='ltr'><strong><em>ἐθέλωσι,</em></strong></span> <span class='ocrx_word' id='word_1_106' title='bbox 1472 1083 1544 1123; x_wconf 82' lang='grc' dir='ltr'><strong><em>καὶ</em></strong></span> <span class='ocrx_word' id='word_1_107' title='bbox 1578 1083 1650 1124; x_wconf 90' lang='grc' dir='ltr'><strong><em>δι-</em></strong></span> 
     </span>
     <span class='ocr_line' id='line_1_15' title="bbox 301 1146 1649 1204; baseline -0.001 -13"><span class='ocrx_word' id='word_1_108' title='bbox 301 1146 429 1191; x_wconf 89' lang='grc' dir='ltr'><strong><em>δόναι</em></strong></span> <span class='ocrx_word' id='word_1_109' title='bbox 468 1151 646 1204; x_wconf 85' lang='grc' dir='ltr'><strong><em>κυρίως·</em></strong></span> <span class='ocrx_word' id='word_1_110' title='bbox 693 1147 744 1192; x_wconf 82' lang='grc' dir='ltr'><strong><em>οὐ</em></strong></span> <span class='ocrx_word' id='word_1_111' title='bbox 781 1147 867 1204; x_wconf 76' lang='grc' dir='ltr'><strong><em>γὰρ</em></strong></span> <span class='ocrx_word' id='word_1_112' title='bbox 908 1148 1297 1204; x_wconf 81' lang='grc' dir='ltr'><strong><em>καταγηράσουσιν</em></strong></span> <span class='ocrx_word' id='word_1_113' title='bbox 1335 1146 1429 1190; x_wconf 82' lang='grc' dir='ltr'><strong><em>οὐδ’</em></strong></span> <span class='ocrx_word' id='word_1_114' title='bbox 1481 1153 1649 1190; x_wconf 82' lang='grc' dir='ltr'><strong><em>ἐννεοτ-</em></strong></span> 
     </span>
    </p>
   </div>
   <div class='ocr_carea' id='block_1_3' title="bbox 1429 1324 1650 1357">
    <p class='ocr_par' dir='ltr' id='par_1_3' title="bbox 1429 1324 1650 1357">
     <span class='ocr_line' id='line_1_16' title="bbox 1429 1324 1650 1357; baseline -0.009 0.037"><span class='ocrx_word' id='word_1_115' title='bbox 1429 1324 1650 1357; x_wconf 70' lang='lat' dir='ltr'>A-..foet</span> 
     </span>
    </p>
   </div>
   <div class='ocr_carea' id='block_1_4' title="bbox 394 1321 1390 1365">
    <p class='ocr_par' dir='ltr' id='par_1_4' title="bbox 394 1321 1390 1365">
     <span class='ocr_line' id='line_1_17' title="bbox 394 1321 1390 1365; baseline -0.003 -8"><span class='ocrx_word' id='word_1_116' title='bbox 394 1324 433 1358; x_wconf 90' lang='lat' dir='ltr'>C</span> <span class='ocrx_word' id='word_1_117' title='bbox 484 1322 574 1357; x_wconf 84' lang='grc' dir='ltr'><strong><em>ουδ’</em></strong></span> <span class='ocrx_word' id='word_1_118' title='bbox 611 1322 993 1365; x_wconf 71' lang='grc' dir='ltr'><strong><em>ἐννεοττεύοιτες]</em></strong></span> <span class='ocrx_word' id='word_1_119' title='bbox 1034 1321 1117 1355; x_wconf 83' lang='grc' dir='ltr'><strong><em>ου’δὲ</em></strong></span> <span class='ocrx_word' id='word_1_120' title='bbox 1153 1321 1390 1356; x_wconf 74' lang='grc' dir='ltr'><strong><em>νεοττεύοντες</em></strong></span> 
     </span>
    </p>
   </div>
   <div class='ocr_carea' id='block_1_5' title="bbox 305 1369 1648 1459">
    <p class='ocr_par' dir='ltr' id='par_1_5' title="bbox 305 1369 1637 1459">
     <span class='ocr_line' id='line_1_18' title="bbox 305 1369 1201 1413; baseline -0.002 -9"><span class='ocrx_word' id='word_1_121' title='bbox 305 1382 416 1413; x_wconf 83' lang='lat' dir='ltr'>marg</span> <span class='ocrx_word' id='word_1_122' title='bbox 447 1369 485 1403; x_wconf 84' lang='grc' dir='ltr'><strong><em>Ω.</em></strong></span> <span class='ocrx_word' id='word_1_123' title='bbox 515 1382 546 1405; x_wconf 86' lang='lat' dir='ltr'><strong><em>a.</em></strong></span> <span class='ocrx_word' id='word_1_124' title='bbox 572 1382 600 1404; x_wconf 83' lang='lat' dir='ltr'><strong><em>c.</em></strong></span> <span class='ocrx_word' id='word_1_125' title='bbox 626 1372 719 1413; x_wconf 88' lang='lat' dir='ltr'>quod</span> <span class='ocrx_word' id='word_1_126' title='bbox 745 1371 957 1402; x_wconf 83' lang='lat' dir='ltr'>&#39;lurieenses</span> <span class='ocrx_word' id='word_1_127' title='bbox 984 1375 1201 1411; x_wconf 82' lang='lat' dir='ltr'>receperunt.</span> 
     </span>
     <span class='ocr_line' id='line_1_19' title="bbox 397 1414 1648 1459; baseline -0.002 -11"><span class='ocrx_word' id='word_1_128' title='bbox 397 1415 417 1459; x_wconf 81' lang='grc' dir='ltr'><em>ἢ</em></span> <span class='ocrx_word' id='word_1_129' title='bbox 444 1416 753 1458; x_wconf 69' lang='grc' dir='ltr'><strong><em>πομπεισεωι-]</em></strong></span> <span class='ocrx_word' id='word_1_130' title='bbox 787 1416 864 1451; x_wconf 84' lang='lat' dir='ltr'><strong><em>Om.</em></strong></span> <span class='ocrx_word' id='word_1_131' title='bbox 891 1417 977 1448; x_wconf 86' lang='lat' dir='ltr'>haec</span> <span class='ocrx_word' id='word_1_132' title='bbox 1001 1427 1054 1457; x_wconf 88' lang='lat' dir='ltr'><strong><em>pr.</em></strong></span> <span class='ocrx_word' id='word_1_133' title='bbox 1081 1418 1127 1448; x_wconf 89' lang='lat' dir='ltr'><strong><em>A.</em></strong></span> <span class='ocrx_word' id='word_1_134' title='bbox 1159 1415 1196 1450; x_wconf 83' lang='grc' dir='ltr'><strong><em>Ω.</em></strong></span> <span class='ocrx_word' id='word_1_135' title='bbox 1223 1417 1326 1449; x_wconf 80' lang='lat' dir='ltr'>sicuti</span> <span class='ocrx_word' id='word_1_136' title='bbox 1353 1421 1472 1447; x_wconf 79' lang='lat' dir='ltr'>narrat</span> <span class='ocrx_word' id='word_1_137' title='bbox 1496 1414 1648 1447; x_wconf 77' lang='lat' dir='ltr'>Bekker.</span> 
     </span>
    </p>
   </div>
   <div class='ocr_carea' id='block_1_6' title="bbox 298 1550 943 2787">
    <p class='ocr_par' dir='ltr' id='par_1_6' title="bbox 300 1550 941 1905">
     <span class='ocr_line' id='line_1_20' title="bbox 304 1550 939 1584; baseline -0.003 0"><span class='ocrx_word' id='word_1_138' title='bbox 304 1553 464 1584; x_wconf 87' lang='lat' dir='ltr'>nullum</span> <span class='ocrx_word' id='word_1_139' title='bbox 520 1553 682 1584; x_wconf 87' lang='lat' dir='ltr'>lucrum</span> <span class='ocrx_word' id='word_1_140' title='bbox 736 1550 939 1583; x_wconf 85' lang='lat' dir='ltr'>afferant.</span> 
     </span>
     <span class='ocr_line' id='line_1_21' title="bbox 304 1597 941 1638; baseline -0.002 -8"><span class='ocrx_word' id='word_1_141' title='bbox 304 1599 360 1630; x_wconf 91' lang='lat' dir='ltr'><strong><em>De</em></strong></span> <span class='ocrx_word' id='word_1_142' title='bbox 386 1599 440 1629; x_wconf 81' lang='grc' dir='ltr'><strong><em>καὶ</em></strong></span> <span class='ocrx_word' id='word_1_143' title='bbox 465 1599 515 1630; x_wconf 86' lang='lat' dir='ltr'>ita</span> <span class='ocrx_word' id='word_1_144' title='bbox 544 1602 712 1638; x_wconf 80' lang='lat' dir='ltr'>usurpato</span> <span class='ocrx_word' id='word_1_145' title='bbox 739 1608 770 1628; x_wconf 92' lang='lat' dir='ltr'><strong><em>v.</em></strong></span> <span class='ocrx_word' id='word_1_146' title='bbox 798 1597 842 1628; x_wconf 85' lang='lat' dir='ltr'><strong><em>ad</em></strong></span> <span class='ocrx_word' id='word_1_147' title='bbox 869 1597 941 1629; x_wconf 82' lang='lat' dir='ltr'><strong><em>Me-</em></strong></span> 
     </span>
     <span class='ocr_line' id='line_1_22' title="bbox 303 1641 938 1686; baseline -0.005 -10"><span class='ocrx_word' id='word_1_148' title='bbox 303 1655 385 1676; x_wconf 90' lang='lat' dir='ltr'>non.</span> <span class='ocrx_word' id='word_1_149' title='bbox 419 1655 452 1686; x_wconf 89' lang='lat' dir='ltr'><strong><em>p.</em></strong></span> <span class='ocrx_word' id='word_1_150' title='bbox 486 1644 542 1678; x_wconf 88' lang='lat'><strong><em>81.</em></strong></span> <span class='ocrx_word' id='word_1_151' title='bbox 583 1643 621 1674; x_wconf 90' lang='lat' dir='ltr'><strong><em>C.</em></strong></span> <span class='ocrx_word' id='word_1_152' title='bbox 655 1641 760 1683; x_wconf 84' lang='lat' dir='ltr'>Gorg.</span> <span class='ocrx_word' id='word_1_153' title='bbox 792 1653 825 1683; x_wconf 91' lang='lat' dir='ltr'><strong><em>p.</em></strong></span> <span class='ocrx_word' id='word_1_154' title='bbox 859 1641 938 1677; x_wconf 88' lang='grc'>469.</span> 
     </span>
     <span class='ocr_line' id='line_1_23' title="bbox 304 1688 939 1730; baseline -0.003 -9"><span class='ocrx_word' id='word_1_155' title='bbox 304 1691 346 1723; x_wconf 87' lang='grc' dir='ltr'><strong><em>Ε.</em></strong></span> <span class='ocrx_word' id='word_1_156' title='bbox 365 1690 419 1721; x_wconf 90' lang='lat' dir='ltr'><strong><em>De</em></strong></span> <span class='ocrx_word' id='word_1_157' title='bbox 436 1702 466 1721; x_wconf 90' lang='lat' dir='ltr'><strong><em>v.</em></strong></span> <span class='ocrx_word' id='word_1_158' title='bbox 490 1688 682 1730; x_wconf 76' lang='grc' dir='ltr'><strong><em>βραβέας</em></strong></span> <span class='ocrx_word' id='word_1_159' title='bbox 702 1689 825 1720; x_wconf 84' lang='lat' dir='ltr'><strong>audias</strong></span> <span class='ocrx_word' id='word_1_160' title='bbox 845 1688 939 1720; x_wconf 87' lang='lat' dir='ltr'>Pol-</span> 
     </span>
     <span class='ocr_line' id='line_1_24' title="bbox 305 1731 939 1776; baseline 0 -10"><span class='ocrx_word' id='word_1_161' title='bbox 305 1737 382 1769; x_wconf 80' lang='lat' dir='ltr'>luo.</span> <span class='ocrx_word' id='word_1_162' title='bbox 408 1746 440 1776; x_wconf 88' lang='lat' dir='ltr'><strong><em>p.</em></strong></span> <span class='ocrx_word' id='word_1_163' title='bbox 468 1735 545 1769; x_wconf 84' lang='lat'>141.</span> <span class='ocrx_word' id='word_1_164' title='bbox 586 1731 665 1766; x_wconf 74' lang='grc' dir='ltr'><strong><em>ἄλλα</em></strong></span> <span class='ocrx_word' id='word_1_165' title='bbox 693 1738 763 1765; x_wconf 80' lang='grc' dir='ltr'><strong><em>τοῖς</em></strong></span> <span class='ocrx_word' id='word_1_166' title='bbox 786 1733 846 1772; x_wconf 81' lang='grc' dir='ltr'><strong><em>μὲν</em></strong></span> <span class='ocrx_word' id='word_1_167' title='bbox 871 1745 939 1774; x_wconf 85' lang='grc' dir='ltr'><strong><em>κρι-</em></strong></span> 
     </span>
     <span class='ocr_line' id='line_1_25' title="bbox 300 1777 941 1822; baseline -0.002 -9"><span class='ocrx_word' id='word_1_168' title='bbox 300 1782 351 1813; x_wconf 78' lang='grc' dir='ltr'><strong><em>ταὶ</em></strong></span> <span class='ocrx_word' id='word_1_169' title='bbox 387 1779 573 1822; x_wconf 75' lang='grc' dir='ltr'><strong><em>κάθηνται,</em></strong></span> <span class='ocrx_word' id='word_1_170' title='bbox 610 1784 678 1812; x_wconf 71' lang='grc' dir='ltr'><strong><em>τοῖς</em></strong></span> <span class='ocrx_word' id='word_1_171' title='bbox 712 1777 746 1811; x_wconf 87' lang='grc' dir='ltr'><strong><em>δ’</em></strong></span> <span class='ocrx_word' id='word_1_172' title='bbox 780 1779 941 1820; x_wconf 78' lang='grc' dir='ltr'><strong><em>ἐφεστᾶσι</em></strong></span> 
     </span>
     <span class='ocr_line' id='line_1_26' title="bbox 300 1824 941 1869; baseline -0.002 -10"><span class='ocrx_word' id='word_1_173' title='bbox 300 1827 560 1869; x_wconf 76' lang='grc' dir='ltr'><strong><em>βραβευταί,</em></strong></span> <span class='ocrx_word' id='word_1_174' title='bbox 586 1824 650 1858; x_wconf 68' lang='grc' dir='ltr'><strong><em>οὓς</em></strong></span> <span class='ocrx_word' id='word_1_175' title='bbox 677 1826 730 1858; x_wconf 87' lang='grc' dir='ltr'><strong><em>καὶ</em></strong></span> <span class='ocrx_word' id='word_1_176' title='bbox 755 1826 941 1867; x_wconf 69' lang='grc' dir='ltr'><strong><em>βραβέας</em></strong></span> 
     </span>
     <span class='ocr_line' id='line_1_27' title="bbox 302 1870 623 1905; baseline -0.006 0"><span class='ocrx_word' id='word_1_177' title='bbox 302 1870 321 1905; x_wconf 83' lang='grc' dir='ltr'>ὁ</span> <span class='ocrx_word' id='word_1_178' title='bbox 350 1871 494 1905; x_wconf 75' lang='grc' dir='ltr'><strong><em>Πλάτων</em></strong></span> <span class='ocrx_word' id='word_1_179' title='bbox 524 1873 623 1905; x_wconf 78' lang='grc' dir='ltr'><strong><em>καλεῖ.</em></strong></span> 
     </span>
    </p>

    <p class='ocr_par' dir='ltr' id='par_1_7' title="bbox 299 1915 942 2282">
     <span class='ocr_line' id='line_1_28' title="bbox 347 1915 939 1959; baseline -0.005 -9"><span class='ocrx_word' id='word_1_180' title='bbox 347 1919 426 1951; x_wconf 79' lang='grc' dir='ltr'><strong><em>τῶν</em></strong></span> <span class='ocrx_word' id='word_1_181' title='bbox 470 1918 516 1950; x_wconf 83' lang='grc' dir='ltr'><strong><em>δὲ</em></strong></span> <span class='ocrx_word' id='word_1_182' title='bbox 566 1915 704 1950; x_wconf 83' lang='grc' dir='ltr'><strong><em>ὁπόσα</em></strong></span> <span class='ocrx_word' id='word_1_183' title='bbox 764 1916 939 1959; x_wconf 79' lang='grc' dir='ltr'><strong><em>ἐξαρνη-</em></strong></span> 
     </span>
     <span class='ocr_line' id='line_1_29' title="bbox 300 1962 940 2004; baseline -0.003 -7"><span class='ocrx_word' id='word_1_184' title='bbox 300 1964 615 1998; x_wconf 72' lang='grc' dir='ltr'><strong><em>θέντι-ταῦτα</em></strong></span> <span class='ocrx_word' id='word_1_185' title='bbox 641 1962 707 2004; x_wconf 83' lang='grc' dir='ltr'><strong><em>δὲ]</em></strong></span> <span class='ocrx_word' id='word_1_186' title='bbox 736 1963 790 1994; x_wconf 85' lang='lat' dir='ltr'><strong><em>En</em></strong></span> <span class='ocrx_word' id='word_1_187' title='bbox 811 1974 940 1996; x_wconf 89' lang='lat' dir='ltr'>novum</span> 
     </span>
     <span class='ocr_line' id='line_1_30' title="bbox 299 2011 941 2051; baseline -0.008 -6"><span class='ocrx_word' id='word_1_188' title='bbox 299 2012 549 2045; x_wconf 80' lang='lat' dir='ltr'>anacoluthon.</span> <span class='ocrx_word' id='word_1_189' title='bbox 584 2011 675 2043; x_wconf 85' lang='lat' dir='ltr'><strong><em>Nam</em></strong></span> <span class='ocrx_word' id='word_1_190' title='bbox 701 2011 844 2050; x_wconf 83' lang='lat' dir='ltr'>proprie</span> <span class='ocrx_word' id='word_1_191' title='bbox 860 2015 941 2051; x_wconf 81' lang='lat' dir='ltr'>post</span> 
     </span>
     <span class='ocr_line' id='line_1_31' title="bbox 300 2056 941 2090; baseline -0.003 -2"><span class='ocrx_word' id='word_1_192' title='bbox 300 2057 367 2088; x_wconf 81' lang='grc' dir='ltr'><strong><em>τῶν</em></strong></span> <span class='ocrx_word' id='word_1_193' title='bbox 393 2056 430 2089; x_wconf 85' lang='grc' dir='ltr'><strong><em>δὲ</em></strong></span> <span class='ocrx_word' id='word_1_194' title='bbox 453 2058 637 2090; x_wconf 78' lang='lat' dir='ltr'>inferenda</span> <span class='ocrx_word' id='word_1_195' title='bbox 662 2056 805 2087; x_wconf 80' lang='lat' dir='ltr'>fuerunt</span> <span class='ocrx_word' id='word_1_196' title='bbox 835 2056 941 2088; x_wconf 84' lang='lat' dir='ltr'>haec:</span> 
     </span>
     <span class='ocr_line' id='line_1_32' title="bbox 301 2097 940 2144; baseline -0.003 -10"><span class='ocrx_word' id='word_1_197' title='bbox 301 2101 433 2135; x_wconf 81' lang='grc' dir='ltr'><strong><em>τούτων</em></strong></span> <span class='ocrx_word' id='word_1_198' title='bbox 458 2102 495 2134; x_wconf 83' lang='grc' dir='ltr'><strong><em>δὲ</em></strong></span> <span class='ocrx_word' id='word_1_199' title='bbox 518 2101 622 2144; x_wconf 83' lang='grc' dir='ltr'><strong><em>μηδὲν</em></strong></span> <span class='ocrx_word' id='word_1_200' title='bbox 646 2097 691 2133; x_wconf 83' lang='grc' dir='ltr'><strong><em>δι’</em></strong></span> <span class='ocrx_word' id='word_1_201' title='bbox 723 2099 838 2142; x_wconf 85' lang='grc' dir='ltr'><strong><em>ὅρκων</em></strong></span> <span class='ocrx_word' id='word_1_202' title='bbox 870 2103 940 2143; x_wconf 85' lang='grc' dir='ltr'><strong><em>κρί-</em></strong></span> 
     </span>
     <span class='ocr_line' id='line_1_33' title="bbox 301 2147 941 2181; baseline 0 -1"><span class='ocrx_word' id='word_1_203' title='bbox 301 2147 424 2181; x_wconf 76' lang='grc' dir='ltr'><strong><em>νεσθαι</em></strong></span> <span class='ocrx_word' id='word_1_204' title='bbox 458 2160 486 2180; x_wconf 81' lang='grc' dir='ltr'><strong><em>κ.</em></strong></span> <span class='ocrx_word' id='word_1_205' title='bbox 519 2160 544 2180; x_wconf 79' lang='grc' dir='ltr'><strong><em>τ.</em></strong></span> <span class='ocrx_word' id='word_1_206' title='bbox 571 2149 598 2179; x_wconf 80' lang='grc' dir='ltr'><strong><em>λ.</em></strong></span> <span class='ocrx_word' id='word_1_207' title='bbox 633 2147 735 2179; x_wconf 89' lang='lat' dir='ltr'>Nunc</span> <span class='ocrx_word' id='word_1_208' title='bbox 766 2149 941 2180; x_wconf 83' lang='lat' dir='ltr'>sententia</span> 
     </span>
     <span class='ocr_line' id='line_1_34' title="bbox 299 2194 942 2236; baseline -0.005 -8"><span class='ocrx_word' id='word_1_209' title='bbox 299 2196 416 2235; x_wconf 81' lang='lat' dir='ltr'>aliter,</span> <span class='ocrx_word' id='word_1_210' title='bbox 441 2200 545 2236; x_wconf 82' lang='lat' dir='ltr'>atque</span> <span class='ocrx_word' id='word_1_211' title='bbox 570 2194 738 2226; x_wconf 85' lang='lat' dir='ltr'>inchoata</span> <span class='ocrx_word' id='word_1_212' title='bbox 762 2199 855 2233; x_wconf 82' lang='lat' dir='ltr'>erat,</span> <span class='ocrx_word' id='word_1_213' title='bbox 881 2194 942 2225; x_wconf 79' lang='lat' dir='ltr'><strong><em>ab·</em></strong></span> 
     </span>
     <span class='ocr_line' id='line_1_35' title="bbox 301 2237 942 2282; baseline -0.008 -7"><span class='ocrx_word' id='word_1_214' title='bbox 301 2241 452 2275; x_wconf 83' lang='lat' dir='ltr'>solvitur</span> <span class='ocrx_word' id='word_1_215' title='bbox 472 2241 621 2282; x_wconf 81' lang='lat' dir='ltr'>ideoque</span> <span class='ocrx_word' id='word_1_216' title='bbox 635 2239 738 2270; x_wconf 78' lang='grc' dir='ltr'><strong><em>ταῦτα</em></strong></span> <span class='ocrx_word' id='word_1_217' title='bbox 756 2237 792 2270; x_wconf 82' lang='grc' dir='ltr'><strong><em>δὲ</em></strong></span> <span class='ocrx_word' id='word_1_218' title='bbox 804 2240 942 2271; x_wconf 81' lang='lat' dir='ltr'>dicitur.</span> 
     </span>
    </p>

    <p class='ocr_par' dir='ltr' id='par_1_8' title="bbox 298 2284 943 2787">
     <span class='ocr_line' id='line_1_36' title="bbox 347 2284 941 2328; baseline -0.002 -10"><span class='ocrx_word' id='word_1_219' title='bbox 347 2286 388 2318; x_wconf 91' lang='lat' dir='ltr'><strong><em>B.</em></strong></span> <span class='ocrx_word' id='word_1_220' title='bbox 416 2285 517 2328; x_wconf 83' lang='grc' dir='ltr'><strong><em>μήτε</em></strong></span> <span class='ocrx_word' id='word_1_221' title='bbox 542 2284 823 2326; x_wconf 79' lang='grc' dir='ltr'><strong><em>ἐπαρώμενον</em></strong></span> <span class='ocrx_word' id='word_1_222' title='bbox 848 2284 941 2317; x_wconf 80' lang='grc' dir='ltr'><strong><em>ἐαυ-</em></strong></span> 
     </span>
     <span class='ocr_line' id='line_1_37' title="bbox 303 2328 942 2374; baseline -0.005 -9"><span class='ocrx_word' id='word_1_223' title='bbox 303 2332 445 2374; x_wconf 75' lang='grc' dir='ltr'><strong><em>τῶ-]</em></strong></span> <span class='ocrx_word' id='word_1_224' title='bbox 483 2332 570 2366; x_wconf 74' lang='lat' dir='ltr'>Post</span> <span class='ocrx_word' id='word_1_225' title='bbox 606 2333 763 2364; x_wconf 79' lang='lat' dir='ltr'>dativum</span> <span class='ocrx_word' id='word_1_226' title='bbox 802 2328 942 2370; x_wconf 78' lang='grc' dir='ltr'><strong><em>ὀμνύντι</em></strong></span> 
     </span>
     <span class='ocr_line' id='line_1_38' title="bbox 303 2378 943 2421; baseline -0.003 -11"><span class='ocrx_word' id='word_1_227' title='bbox 303 2379 398 2420; x_wconf 88' lang='lat' dir='ltr'>quod</span> <span class='ocrx_word' id='word_1_228' title='bbox 414 2378 541 2412; x_wconf 81' lang='lat' dir='ltr'>dehinc</span> <span class='ocrx_word' id='word_1_229' title='bbox 554 2383 732 2421; x_wconf 88' lang='lat' dir='ltr'>ponuntur</span> <span class='ocrx_word' id='word_1_230' title='bbox 752 2378 943 2411; x_wconf 66' lang='lat' dir='ltr'>aecusativi</span> 
     </span>
     <span class='ocr_line' id='line_1_39' title="bbox 302 2423 943 2466; baseline -0.003 -10"><span class='ocrx_word' id='word_1_231' title='bbox 302 2425 586 2466; x_wconf 78' lang='lat' dir='ltr'>participiorum,</span> <span class='ocrx_word' id='word_1_232' title='bbox 617 2435 647 2456; x_wconf 90' lang='lat' dir='ltr'><strong><em>v.</em></strong></span> <span class='ocrx_word' id='word_1_233' title='bbox 679 2424 724 2456; x_wconf 85' lang='lat' dir='ltr'><strong><em>ad</em></strong></span> <span class='ocrx_word' id='word_1_234' title='bbox 756 2423 875 2465; x_wconf 88' lang='lat' dir='ltr'>Symp.</span> <span class='ocrx_word' id='word_1_235' title='bbox 909 2434 943 2464; x_wconf 89' lang='lat' dir='ltr'><strong><em>p.</em></strong></span> 
     </span>
     <span class='ocr_line' id='line_1_40' title="bbox 301 2470 939 2512; baseline -0.003 -9"><span class='ocrx_word' id='word_1_236' title='bbox 301 2470 380 2504; x_wconf 84' lang='grc'><strong>176.</strong></span> <span class='ocrx_word' id='word_1_237' title='bbox 409 2471 436 2502; x_wconf 90' lang='grc' dir='ltr'><strong><em>Ι)</em></strong></span> <span class='ocrx_word' id='word_1_238' title='bbox 463 2470 598 2504; x_wconf 85' lang='lat' dir='ltr'>Criton.</span> <span class='ocrx_word' id='word_1_239' title='bbox 621 2481 656 2512; x_wconf 88' lang='lat' dir='ltr'><strong><em>p.</em></strong></span> <span class='ocrx_word' id='word_1_240' title='bbox 675 2470 730 2504; x_wconf 80' lang='lat'><strong><em>51.</em></strong></span> <span class='ocrx_word' id='word_1_241' title='bbox 759 2470 803 2504; x_wconf 88' lang='lat' dir='ltr'><strong><em>D.</em></strong></span> <span class='ocrx_word' id='word_1_242' title='bbox 830 2470 939 2511; x_wconf 84' lang='lat' dir='ltr'>Legg.</span> 
     </span>
     <span class='ocr_line' id='line_1_41' title="bbox 303 2515 940 2557; baseline -0.006 -6"><span class='ocrx_word' id='word_1_243' title='bbox 303 2516 360 2548; x_wconf 89' lang='lat' dir='ltr'><strong><em>VI</em></strong></span> <span class='ocrx_word' id='word_1_244' title='bbox 388 2527 420 2557; x_wconf 89' lang='lat' dir='ltr'>p</span> <span class='ocrx_word' id='word_1_245' title='bbox 449 2517 526 2551; x_wconf 85' lang='lat'>758.</span> <span class='ocrx_word' id='word_1_246' title='bbox 555 2516 594 2549; x_wconf 88' lang='lat' dir='ltr'><strong><em>C.</em></strong></span> <span class='ocrx_word' id='word_1_247' title='bbox 622 2515 699 2550; x_wconf 81' lang='lat'>760.</span> <span class='ocrx_word' id='word_1_248' title='bbox 725 2516 765 2549; x_wconf 83' lang='lat' dir='ltr'><strong><em>E.</em></strong></span> <span class='ocrx_word' id='word_1_249' title='bbox 802 2515 879 2549; x_wconf 82' lang='lat' dir='ltr'><strong><em>vu.</em></strong></span> <span class='ocrx_word' id='word_1_250' title='bbox 906 2527 940 2557; x_wconf 87' lang='lat' dir='ltr'><strong><em>p.</em></strong></span> 
     </span>
     <span class='ocr_line' id='line_1_42' title="bbox 301 2561 938 2603; baseline -0.006 -7"><span class='ocrx_word' id='word_1_251' title='bbox 301 2561 379 2596; x_wconf 82' lang='lat'>796.</span> <span class='ocrx_word' id='word_1_252' title='bbox 406 2561 446 2593; x_wconf 87' lang='lat' dir='ltr'><strong><em>C.</em></strong></span> <span class='ocrx_word' id='word_1_253' title='bbox 473 2563 540 2594; x_wconf 89' lang='lat' dir='ltr'><strong><em>IX.</em></strong></span> <span class='ocrx_word' id='word_1_254' title='bbox 590 2561 703 2596; x_wconf 85' lang='lat'>..858</span> <span class='ocrx_word' id='word_1_255' title='bbox 741 2562 783 2595; x_wconf 88' lang='grc' dir='ltr'><strong><em>Ε.</em></strong></span> <span class='ocrx_word' id='word_1_256' title='bbox 811 2561 878 2593; x_wconf 89' lang='lat' dir='ltr'><strong><em>XI.</em></strong></span> <span class='ocrx_word' id='word_1_257' title='bbox 905 2572 938 2603; x_wconf 92' lang='lat' dir='ltr'><strong><em>p.</em></strong></span> 
     </span>
     <span class='ocr_line' id='line_1_43' title="bbox 300 2573 938 2649; baseline -0.003 -8"><span class='ocrx_word' id='word_1_258' title='bbox 300 2599 450 2641; x_wconf 62' lang='lat'>920-11‘..</span> <span class='ocrx_word' id='word_1_259' title='bbox 465 2573 694 2649; x_wconf 59' lang='lat' dir='ltr'>xl1.¹}›..967</span> <span class='ocrx_word' id='word_1_260' title='bbox 724 2601 938 2640; x_wconf 75' lang='lat' dir='ltr'>C.a1.‘0011.</span> 
     </span>
     <span class='ocr_line' id='line_1_44' title="bbox 300 2653 939 2694; baseline 0.002 -10"><span class='ocrx_word' id='word_1_261' title='bbox 300 2653 518 2686; x_wconf 77' lang='lat' dir='ltr'>Matthiae</span> <span class='ocrx_word' id='word_1_262' title='bbox 560 2653 620 2686; x_wconf 89' lang='lat' dir='ltr'><strong><em>Gr.</em></strong></span> <span class='ocrx_word' id='word_1_263' title='bbox 659 2655 690 2694; x_wconf 54' lang='grc' dir='ltr'><strong><em>ᾗ.</em></strong></span> <span class='ocrx_word' id='word_1_264' title='bbox 730 2653 810 2688; x_wconf 76' lang='lat'><strong><em>536</em></strong></span> <span class='ocrx_word' id='word_1_265' title='bbox 858 2663 939 2686; x_wconf 82' lang='lat' dir='ltr'>ann.</span> 
     </span>
     <span class='ocr_line' id='line_1_45' title="bbox 299 2698 941 2733; baseline 0.003 -3"><span class='ocrx_word' id='word_1_266' title='bbox 299 2698 394 2732; x_wconf 80' lang='lat' dir='ltr'>Usos</span> <span class='ocrx_word' id='word_1_267' title='bbox 434 2709 518 2732; x_wconf 87' lang='lat' dir='ltr'>vero</span> <span class='ocrx_word' id='word_1_268' title='bbox 554 2710 633 2733; x_wconf 83' lang='lat' dir='ltr'>reos</span> <span class='ocrx_word' id='word_1_269' title='bbox 676 2699 827 2733; x_wconf 81' lang='lat' dir='ltr'>Athenis</span> <span class='ocrx_word' id='word_1_270' title='bbox 863 2709 941 2732; x_wconf 78' lang='lat' dir='ltr'>esse</span> 
     </span>
     <span class='ocr_line' id='line_1_46' title="bbox 298 2745 940 2787; baseline 0 -11"><span class='ocrx_word' id='word_1_271' title='bbox 298 2745 387 2778; x_wconf 82' lang='lat' dir='ltr'>diris</span> <span class='ocrx_word' id='word_1_272' title='bbox 426 2750 461 2777; x_wconf 88' lang='lat' dir='ltr'><strong><em>et</em></strong></span> <span class='ocrx_word' id='word_1_273' title='bbox 500 2745 819 2785; x_wconf 77' lang='lat' dir='ltr'>obsecrationibus,</span> <span class='ocrx_word' id='word_1_274' title='bbox 862 2755 940 2787; x_wconf 79' lang='lat' dir='ltr'>pre-</span> 
     </span>
    </p>
   </div>
   <div class='ocr_carea' id='block_1_7' title="bbox 1009 1549 1651 1913">
    <p class='ocr_par' dir='ltr' id='par_1_9' title="bbox 1009 1549 1651 1913">
     <span class='ocr_line' id='line_1_47' title="bbox 1009 1549 1651 1591; baseline -0.003 -8"><span class='ocrx_word' id='word_1_275' title='bbox 1009 1552 1106 1583; x_wconf 84' lang='lat' dir='ltr'>cibus</span> <span class='ocrx_word' id='word_1_276' title='bbox 1126 1554 1231 1591; x_wconf 80' lang='lat' dir='ltr'>atque</span> <span class='ocrx_word' id='word_1_277' title='bbox 1254 1549 1569 1590; x_wconf 81' lang='lat' dir='ltr'>supplicationibus</span> <span class='ocrx_word' id='word_1_278' title='bbox 1587 1549 1651 1581; x_wconf 76' lang='lat' dir='ltr'>ali·</span> 
     </span>
     <span class='ocr_line' id='line_1_48' title="bbox 1009 1596 1651 1639; baseline -0.003 -11"><span class='ocrx_word' id='word_1_279' title='bbox 1009 1598 1108 1639; x_wconf 83' lang='lat' dir='ltr'>isque</span> <span class='ocrx_word' id='word_1_280' title='bbox 1146 1596 1183 1627; x_wconf 87' lang='lat' dir='ltr'>id</span> <span class='ocrx_word' id='word_1_281' title='bbox 1220 1605 1331 1637; x_wconf 82' lang='lat' dir='ltr'>genus</span> <span class='ocrx_word' id='word_1_282' title='bbox 1369 1596 1491 1633; x_wconf 81' lang='lat' dir='ltr'>rebus,</span> <span class='ocrx_word' id='word_1_283' title='bbox 1523 1596 1651 1637; x_wconf 80' lang='lat' dir='ltr'>quibus</span> 
     </span>
     <span class='ocr_line' id='line_1_49' title="bbox 1010 1641 1650 1680; baseline -0.003 -6"><span class='ocrx_word' id='word_1_284' title='bbox 1010 1644 1162 1674; x_wconf 84' lang='lat' dir='ltr'>iudicum</span> <span class='ocrx_word' id='word_1_285' title='bbox 1200 1642 1305 1673; x_wconf 87' lang='lat' dir='ltr'>animi</span> <span class='ocrx_word' id='word_1_286' title='bbox 1340 1641 1577 1680; x_wconf 78' lang='lat' dir='ltr'><strong><em>flecterentur,</em></strong></span> <span class='ocrx_word' id='word_1_287' title='bbox 1613 1642 1650 1672; x_wconf 79' lang='lat' dir='ltr'>id</span> 
     </span>
     <span class='ocr_line' id='line_1_50' title="bbox 1010 1687 1650 1731; baseline 0 -13"><span class='ocrx_word' id='word_1_288' title='bbox 1010 1700 1114 1730; x_wconf 86' lang='lat' dir='ltr'>quum</span> <span class='ocrx_word' id='word_1_289' title='bbox 1142 1688 1283 1731; x_wconf 72' lang='lat' dir='ltr'>aliunde</span> <span class='ocrx_word' id='word_1_290' title='bbox 1308 1693 1456 1726; x_wconf 84' lang='lat' dir='ltr'>constet,</span> <span class='ocrx_word' id='word_1_291' title='bbox 1483 1693 1554 1718; x_wconf 88' lang='lat' dir='ltr'><strong><em>tum</em></strong></span> <span class='ocrx_word' id='word_1_292' title='bbox 1583 1687 1650 1719; x_wconf 85' lang='lat' dir='ltr'>loci</span> 
     </span>
     <span class='ocr_line' id='line_1_51' title="bbox 1011 1732 1649 1774; baseline 0 -10"><span class='ocrx_word' id='word_1_293' title='bbox 1011 1736 1137 1766; x_wconf 80' lang='lat' dir='ltr'>docent</span> <span class='ocrx_word' id='word_1_294' title='bbox 1175 1734 1284 1764; x_wconf 82' lang='lat' dir='ltr'>Plat.</span> <span class='ocrx_word' id='word_1_295' title='bbox 1326 1734 1481 1774; x_wconf 85' lang='lat' dir='ltr'>Apolog.</span> <span class='ocrx_word' id='word_1_296' title='bbox 1520 1743 1552 1774; x_wconf 83' lang='lat' dir='ltr'><strong><em>p.</em></strong></span> <span class='ocrx_word' id='word_1_297' title='bbox 1591 1732 1649 1766; x_wconf 84' lang='lat'><strong><em>34.</em></strong></span> 
     </span>
     <span class='ocr_line' id='line_1_52' title="bbox 1011 1778 1649 1819; baseline -0.002 -8"><span class='ocrx_word' id='word_1_298' title='bbox 1011 1780 1049 1812; x_wconf 91' lang='lat' dir='ltr'><strong><em>C.</em></strong></span> <span class='ocrx_word' id='word_1_299' title='bbox 1078 1781 1115 1813; x_wconf 84' lang='lat' dir='ltr'><strong><em>D.</em></strong></span> <span class='ocrx_word' id='word_1_300' title='bbox 1145 1779 1380 1819; x_wconf 84' lang='lat' dir='ltr'>Aristoph.</span> <span class='ocrx_word' id='word_1_301' title='bbox 1411 1779 1499 1810; x_wconf 74' lang='lat' dir='ltr'>plut.</span> <span class='ocrx_word' id='word_1_302' title='bbox 1521 1778 1649 1813; x_wconf 80' lang='lat' dir='ltr'>v.383.</span> 
     </span>
     <span class='ocr_line' id='line_1_53' title="bbox 1012 1824 1649 1867; baseline -0.003 -8"><span class='ocrx_word' id='word_1_303' title='bbox 1012 1826 1114 1867; x_wconf 69' lang='lat' dir='ltr'>Vesp.</span> <span class='ocrx_word' id='word_1_304' title='bbox 1142 1837 1173 1856; x_wconf 91' lang='lat' dir='ltr'><strong><em>v.</em></strong></span> <span class='ocrx_word' id='word_1_305' title='bbox 1200 1824 1268 1858; x_wconf 85' lang='lat'><strong><em>566</em></strong></span> <span class='ocrx_word' id='word_1_306' title='bbox 1293 1835 1367 1865; x_wconf 88' lang='lat' dir='ltr'>sqq.</span> <span class='ocrx_word' id='word_1_307' title='bbox 1399 1826 1491 1857; x_wconf 86' lang='lat' dir='ltr'>conf.</span> <span class='ocrx_word' id='word_1_308' title='bbox 1518 1825 1649 1857; x_wconf 80' lang='lat' dir='ltr'>Petit.</span> 
     </span>
     <span class='ocr_line' id='line_1_54' title="bbox 1009 1869 1391 1913; baseline -0.005 -10"><span class='ocrx_word' id='word_1_309' title='bbox 1009 1872 1119 1913; x_wconf 79' lang='lat' dir='ltr'>Legg.</span> <span class='ocrx_word' id='word_1_310' title='bbox 1148 1872 1222 1903; x_wconf 81' lang='lat' dir='ltr'>Att.</span> <span class='ocrx_word' id='word_1_311' title='bbox 1248 1881 1283 1912; x_wconf 90' lang='lat' dir='ltr'><strong><em>p.</em></strong></span> <span class='ocrx_word' id='word_1_312' title='bbox 1310 1869 1391 1905; x_wconf 86' lang='lat'>439.</span> 
     </span>
    </p>
   </div>
   <div class='ocr_carea' id='block_1_8' title="bbox 1006 1936 1651 2487">
    <p class='ocr_par' dir='ltr' id='par_1_10' title="bbox 1006 1936 1651 2487">
     <span class='ocr_line' id='line_1_55' title="bbox 1055 1936 1648 1980; baseline -0.002 -9"><span class='ocrx_word' id='word_1_313' title='bbox 1055 1939 1094 1971; x_wconf 85' lang='lat' dir='ltr'><strong><em>C.</em></strong></span> <span class='ocrx_word' id='word_1_314' title='bbox 1137 1939 1202 1970; x_wconf 84' lang='grc' dir='ltr'><strong><em>καὶ</em></strong></span> <span class='ocrx_word' id='word_1_315' title='bbox 1243 1936 1417 1970; x_wconf 75' lang='grc' dir='ltr'><strong><em>διδόναι</em></strong></span> <span class='ocrx_word' id='word_1_316' title='bbox 1459 1938 1648 1980; x_wconf 71' lang='grc' dir='ltr'><strong><em>κυρίως]</em></strong></span> 
     </span>
     <span class='ocr_line' id='line_1_56' title="bbox 1009 1981 1648 2027; baseline 0.003 -10"><span class='ocrx_word' id='word_1_317' title='bbox 1009 1986 1078 2017; x_wconf 82' lang='lat' dir='ltr'>Int.</span> <span class='ocrx_word' id='word_1_318' title='bbox 1107 1981 1270 2026; x_wconf 73' lang='grc' dir='ltr'><strong><em>ἀλλήλοις.</em></strong></span> <span class='ocrx_word' id='word_1_319' title='bbox 1295 1985 1405 2027; x_wconf 83' lang='lat' dir='ltr'>Legg.</span> <span class='ocrx_word' id='word_1_320' title='bbox 1432 1985 1493 2017; x_wconf 91' lang='lat' dir='ltr'><strong><em>VI.</em></strong></span> <span class='ocrx_word' id='word_1_321' title='bbox 1519 1996 1551 2027; x_wconf 90' lang='lat' dir='ltr'><strong><em>p.</em></strong></span> <span class='ocrx_word' id='word_1_322' title='bbox 1569 1984 1648 2019; x_wconf 79' lang='lat'>754.</span> 
     </span>
     <span class='ocr_line' id='line_1_57' title="bbox 1009 2027 1648 2073; baseline -0.002 -10"><span class='ocrx_word' id='word_1_323' title='bbox 1009 2031 1048 2063; x_wconf 89' lang='lat' dir='ltr'><strong><em>C.</em></strong></span> <span class='ocrx_word' id='word_1_324' title='bbox 1077 2031 1205 2073; x_wconf 66' lang='grc' dir='ltr'><strong><em>στέργει</em></strong></span> <span class='ocrx_word' id='word_1_325' title='bbox 1232 2041 1264 2061; x_wconf 74' lang='grc' dir='ltr'><strong><em>τε</em></strong></span> <span class='ocrx_word' id='word_1_326' title='bbox 1289 2031 1343 2062; x_wconf 83' lang='grc' dir='ltr'><strong><em>καὶ</em></strong></span> <span class='ocrx_word' id='word_1_327' title='bbox 1376 2030 1545 2073; x_wconf 83' lang='grc' dir='ltr'><strong><em>στέργεται</em></strong></span> <span class='ocrx_word' id='word_1_328' title='bbox 1579 2027 1648 2063; x_wconf 74' lang='grc' dir='ltr'><strong><em>ὑπὸ</em></strong></span> 
     </span>
     <span class='ocr_line' id='line_1_58' title="bbox 1012 2074 1650 2119; baseline 0 -11"><span class='ocrx_word' id='word_1_329' title='bbox 1012 2079 1078 2108; x_wconf 66' lang='lat' dir='ltr'><strong><em>miv</em></strong></span> <span class='ocrx_word' id='word_1_330' title='bbox 1102 2074 1350 2119; x_wconf 72' lang='grc' dir='ltr'><strong><em>γεννησάντων.</em></strong></span> <span class='ocrx_word' id='word_1_331' title='bbox 1375 2078 1433 2109; x_wconf 89' lang='lat' dir='ltr'>ubi</span> <span class='ocrx_word' id='word_1_332' title='bbox 1459 2079 1503 2110; x_wconf 83' lang='lat' dir='ltr'><strong><em>ad</em></strong></span> <span class='ocrx_word' id='word_1_333' title='bbox 1521 2077 1650 2119; x_wconf 76' lang='grc' dir='ltr'><strong><em>στέργει</em></strong></span> 
     </span>
     <span class='ocr_line' id='line_1_59' title="bbox 1009 2121 1648 2165; baseline -0.002 -10"><span class='ocrx_word' id='word_1_334' title='bbox 1009 2125 1069 2158; x_wconf 87' lang='lat' dir='ltr'>int.</span> <span class='ocrx_word' id='word_1_335' title='bbox 1099 2121 1181 2155; x_wconf 75' lang='grc' dir='ltr'><strong><em>τούς</em></strong></span> <span class='ocrx_word' id='word_1_336' title='bbox 1206 2121 1446 2165; x_wconf 78' lang='grc' dir='ltr'><strong><em>γεννήσαντας.</em></strong></span> <span class='ocrx_word' id='word_1_337' title='bbox 1480 2123 1534 2155; x_wconf 84' lang='lat' dir='ltr'><strong><em>De</em></strong></span> <span class='ocrx_word' id='word_1_338' title='bbox 1560 2123 1648 2164; x_wconf 84' lang='lat' dir='ltr'>Rep.</span> 
     </span>
     <span class='ocr_line' id='line_1_60' title="bbox 1011 2167 1651 2211; baseline -0.002 -10"><span class='ocrx_word' id='word_1_339' title='bbox 1011 2170 1054 2201; x_wconf 87' lang='lat' dir='ltr'><strong><em>V.</em></strong></span> <span class='ocrx_word' id='word_1_340' title='bbox 1081 2180 1114 2211; x_wconf 90' lang='lat' dir='ltr'><strong><em>p.</em></strong></span> <span class='ocrx_word' id='word_1_341' title='bbox 1148 2169 1227 2203; x_wconf 80' lang='lat'>468.</span> <span class='ocrx_word' id='word_1_342' title='bbox 1262 2168 1308 2200; x_wconf 87' lang='lat' dir='ltr'><strong><em>B:</em></strong></span> <span class='ocrx_word' id='word_1_343' title='bbox 1353 2167 1389 2199; x_wconf 85' lang='grc' dir='ltr'><strong><em>ιὸ</em></strong></span> <span class='ocrx_word' id='word_1_344' title='bbox 1436 2169 1581 2210; x_wconf 73' lang='grc' dir='ltr'><strong><em>φιλῆσαί</em></strong></span> <span class='ocrx_word' id='word_1_345' title='bbox 1617 2179 1651 2200; x_wconf 72' lang='grc' dir='ltr'><strong><em>τε</em></strong></span> 
     </span>
     <span class='ocr_line' id='line_1_61' title="bbox 1012 2211 1650 2256; baseline 0 -10"><span class='ocrx_word' id='word_1_346' title='bbox 1012 2217 1066 2247; x_wconf 79' lang='grc' dir='ltr'><strong><em>καὶ</em></strong></span> <span class='ocrx_word' id='word_1_347' title='bbox 1122 2214 1314 2256; x_wconf 77' lang='grc' dir='ltr'><strong><em>φιληθῆιαι</em></strong></span> <span class='ocrx_word' id='word_1_348' title='bbox 1364 2211 1436 2246; x_wconf 70' lang='lat' dir='ltr'><strong><em>vno*</em></strong></span> <span class='ocrx_word' id='word_1_349' title='bbox 1490 2213 1650 2248; x_wconf 82' lang='grc' dir='ltr'><strong><em>ἑκάστου.</em></strong></span> 
     </span>
     <span class='ocr_line' id='line_1_62' title="bbox 1010 2256 1648 2302; baseline -0.003 -9"><span class='ocrx_word' id='word_1_350' title='bbox 1010 2261 1149 2293; x_wconf 84' lang='lat' dir='ltr'>Menex.</span> <span class='ocrx_word' id='word_1_351' title='bbox 1179 2271 1212 2302; x_wconf 93' lang='lat' dir='ltr'><strong><em>p.</em></strong></span> <span class='ocrx_word' id='word_1_352' title='bbox 1236 2259 1315 2293; x_wconf 77' lang='grc'><strong><em>243</em></strong></span> <span class='ocrx_word' id='word_1_353' title='bbox 1345 2260 1396 2291; x_wconf 82' lang='lat' dir='ltr'><strong><em>D:</em></strong></span> <span class='ocrx_word' id='word_1_354' title='bbox 1425 2257 1518 2302; x_wconf 72' lang='grc' dir='ltr'><strong><em>ἡμεῖς</em></strong></span> <span class='ocrx_word' id='word_1_355' title='bbox 1535 2259 1572 2291; x_wconf 84' lang='grc' dir='ltr'><strong><em>δὲ</em></strong></span> <span class='ocrx_word' id='word_1_356' title='bbox 1586 2256 1648 2292; x_wconf 70' lang='grc' dir='ltr'><strong><em>αὖ·</em></strong></span> 
     </span>
     <span class='ocr_line' id='line_1_63' title="bbox 1012 2301 1650 2348; baseline 0 -10"><span class='ocrx_word' id='word_1_357' title='bbox 1012 2308 1063 2338; x_wconf 77' lang='grc' dir='ltr'><strong><em>τοι·</em></strong></span> <span class='ocrx_word' id='word_1_358' title='bbox 1097 2304 1183 2348; x_wconf 70' lang='grc' dir='ltr'><strong><em>τ’μᾶς</em></strong></span> <span class='ocrx_word' id='word_1_359' title='bbox 1215 2301 1323 2337; x_wconf 73' lang='grc' dir='ltr'><strong><em>αὐτοὶ·</em></strong></span> <span class='ocrx_word' id='word_1_360' title='bbox 1329 2314 1345 2337; x_wconf 76' lang='lat' dir='ltr'><strong><em>s</em></strong></span> <span class='ocrx_word' id='word_1_361' title='bbox 1372 2307 1425 2338; x_wconf 82' lang='grc' dir='ltr'><strong><em>καὶ</em></strong></span> <span class='ocrx_word' id='word_1_362' title='bbox 1447 2305 1650 2348; x_wconf 77' lang='grc' dir='ltr'><strong><em>εἰικήσαμεν</em></strong></span> 
     </span>
     <span class='ocr_line' id='line_1_64' title="bbox 1011 2350 1650 2395; baseline 0 -11"><span class='ocrx_word' id='word_1_363' title='bbox 1011 2353 1065 2384; x_wconf 55' lang='lat' dir='ltr'><strong><em>naz</em></strong></span> <span class='ocrx_word' id='word_1_364' title='bbox 1091 2350 1238 2406; x_wconf 39' lang='lat'><strong><em>§5751112115&#39;7</em></strong></span> <span class='ocrx_word' id='word_1_365' title='bbox 1231 2363 1317 2390; x_wconf 61' lang='lat'>’&#39;5161.</span> <span class='ocrx_word' id='word_1_366' title='bbox 1358 2363 1405 2384; x_wconf 78' lang='lat' dir='ltr'>SO.</span> <span class='ocrx_word' id='word_1_367' title='bbox 1449 2364 1500 2393; x_wconf 77' lang='grc' dir='ltr'><strong><em>υφ</em></strong></span> <span class='ocrx_word' id='word_1_368' title='bbox 1554 2350 1650 2395; x_wconf 69' lang='grc' dir='ltr'><strong><em>Τμίῦν</em></strong></span> 
     </span>
     <span class='ocr_line' id='line_1_65' title="bbox 1010 2395 1647 2432; baseline 0.002 -2"><span class='ocrx_word' id='word_1_369' title='bbox 1010 2395 1133 2431; x_wconf 73' lang='grc' dir='ltr'><strong><em>αὐτῶν.</em></strong></span> <span class='ocrx_word' id='word_1_370' title='bbox 1160 2399 1219 2430; x_wconf 89' lang='lat' dir='ltr'>ubi</span> <span class='ocrx_word' id='word_1_371' title='bbox 1232 2399 1302 2430; x_wconf 80' lang='lat' dir='ltr'>alia</span> <span class='ocrx_word' id='word_1_372' title='bbox 1317 2398 1515 2432; x_wconf 84' lang='lat' dir='ltr'>huiusmodi</span> <span class='ocrx_word' id='word_1_373' title='bbox 1534 2409 1647 2432; x_wconf 78' lang='lat' dir='ltr'>exem-</span> 
     </span>
     <span class='ocr_line' id='line_1_66' title="bbox 1006 2445 1351 2487; baseline -0.003 -11"><span class='ocrx_word' id='word_1_374' title='bbox 1006 2446 1065 2487; x_wconf 79' lang='lat' dir='ltr'>pla</span> <span class='ocrx_word' id='word_1_375' title='bbox 1089 2445 1351 2486; x_wconf 80' lang='lat' dir='ltr'>adscripsimus.</span> 
     </span>
    </p>
   </div>
   <div class='ocr_carea' id='block_1_9' title="bbox 1008 2509 1647 2776">
    <p class='ocr_par' dir='ltr' id='par_1_11' title="bbox 1008 2509 1647 2776">
     <span class='ocr_line' id='line_1_67' title="bbox 1055 2509 1646 2555; baseline -0.002 -11"><span class='ocrx_word' id='word_1_376' title='bbox 1055 2513 1198 2544; x_wconf 73' lang='grc' dir='ltr'><strong><em>Δικοῖν</em></strong></span> <span class='ocrx_word' id='word_1_377' title='bbox 1222 2523 1261 2543; x_wconf 86' lang='grc' dir='ltr'><strong><em>τε</em></strong></span> <span class='ocrx_word' id='word_1_378' title='bbox 1283 2513 1375 2555; x_wconf 80' lang='grc' dir='ltr'><strong><em>περὶ</em></strong></span> <span class='ocrx_word' id='word_1_379' title='bbox 1398 2511 1557 2554; x_wconf 76' lang='grc' dir='ltr'><strong><em>λήξεως</em></strong></span> <span class='ocrx_word' id='word_1_380' title='bbox 1577 2509 1646 2544; x_wconf 81' lang='grc' dir='ltr'><strong><em>ιόν</em></strong></span> 
     </span>
     <span class='ocr_line' id='line_1_68' title="bbox 1009 2555 1647 2600; baseline 0.002 -11"><span class='ocrx_word' id='word_1_381' title='bbox 1009 2555 1142 2591; x_wconf 70' lang='grc' dir='ltr'><strong><em>αὐτόν</em></strong></span> <span class='ocrx_word' id='word_1_382' title='bbox 1176 2555 1410 2600; x_wconf 82' lang='grc' dir='ltr'><strong><em>ιρόπον-]</em></strong></span> <span class='ocrx_word' id='word_1_383' title='bbox 1448 2558 1526 2590; x_wconf 86' lang='lat' dir='ltr'><strong><em>Hoc</em></strong></span> <span class='ocrx_word' id='word_1_384' title='bbox 1550 2558 1647 2599; x_wconf 79' lang='lat' dir='ltr'>dicit,</span> 
     </span>
     <span class='ocr_line' id='line_1_69' title="bbox 1008 2605 1645 2646; baseline 0 -9"><span class='ocrx_word' id='word_1_385' title='bbox 1008 2606 1036 2637; x_wconf 88' lang='lat' dir='ltr'>si</span> <span class='ocrx_word' id='word_1_386' title='bbox 1093 2606 1179 2646; x_wconf 90' lang='lat' dir='ltr'>quid</span> <span class='ocrx_word' id='word_1_387' title='bbox 1242 2605 1398 2637; x_wconf 79' lang='lat' dir='ltr'>iudicare</span> <span class='ocrx_word' id='word_1_388' title='bbox 1444 2614 1645 2645; x_wconf 71' lang='lat' dir='ltr'>possumus:</span> 
     </span>
     <span class='ocr_line' id='line_1_70' title="bbox 1008 2651 1645 2692; baseline 0.002 -10"><span class='ocrx_word' id='word_1_389' title='bbox 1008 2651 1172 2683; x_wconf 87' lang='lat' dir='ltr'>Litium</span> <span class='ocrx_word' id='word_1_390' title='bbox 1204 2652 1469 2692; x_wconf 77' lang='lat' dir='ltr'>privatarum</span> <span class='ocrx_word' id='word_1_391' title='bbox 1507 2651 1645 2683; x_wconf 84' lang='lat' dir='ltr'>inten-</span> 
     </span>
     <span class='ocr_line' id='line_1_71' title="bbox 1008 2696 1645 2738; baseline 0.002 -9"><span class='ocrx_word' id='word_1_392' title='bbox 1008 2698 1167 2731; x_wconf 84' lang='lat' dir='ltr'>tionem</span> <span class='ocrx_word' id='word_1_393' title='bbox 1207 2697 1320 2738; x_wconf 79' lang='lat' dir='ltr'><strong><em>quod</em></strong></span> <span class='ocrx_word' id='word_1_394' title='bbox 1355 2696 1540 2736; x_wconf 74' lang='lat' dir='ltr'>attinet,</span> <span class='ocrx_word' id='word_1_395' title='bbox 1579 2706 1645 2730; x_wconf 79' lang='lat' dir='ltr'>ea.-</span> 
     </span>
     <span class='ocr_line' id='line_1_72' title="bbox 1009 2743 1646 2776; baseline -0.002 -1"><span class='ocrx_word' id='word_1_396' title='bbox 1009 2744 1098 2776; x_wconf 86' lang='lat' dir='ltr'><strong><em>dem</em></strong></span> <span class='ocrx_word' id='word_1_397' title='bbox 1132 2743 1336 2776; x_wconf 82' lang='lat' dir='ltr'>omnibus</span> <span class='ocrx_word' id='word_1_398' title='bbox 1367 2744 1482 2775; x_wconf 85' lang='lat' dir='ltr'>inter</span> <span class='ocrx_word' id='word_1_399' title='bbox 1513 2752 1556 2775; x_wconf 82' lang='lat' dir='ltr'><strong><em>se</em></strong></span> <span class='ocrx_word' id='word_1_400' title='bbox 1590 2743 1646 2775; x_wconf 81' lang='lat' dir='ltr'>sit</span> 
     </span>
    </p>
   </div>
   <div class='ocr_carea' id='block_1_10' title="bbox 1725 0 1780 2971">
    <p class='ocr_par' dir='ltr' id='par_1_12' title="bbox 1725 0 1780 2971">
     <span class='ocr_line' id='line_1_73' title="bbox 1725 0 1780 2971; baseline 0 0"><span class='ocrx_word' id='word_1_401' title='bbox 1725 0 1780 2971; x_wconf 95' lang='lat' dir='ltr'><strong><em> </em></strong></span> 
     </span>
    </p>
   </div>
  </div>
 </body>
</html>
