1781 2971
289 124 371 165 DE
407 122 680 166 LEGIBUS
713 123 833 165 LIB.
864 123 922 164 X.
957 124 1003 164 P.
1036 125 1130 166 908.
1164 124 1229 167 St.
1391 125 1472 166 233

118 257 303 294 γνονται
343 239 447 292 τοὺς
481 239 671 292 κακούς,
715 243 788 283 καὶ
834 242 890 295 τῷ
928 243 1221 296 δυςχεραίνειν
1259 239 1339 292 τὴν
1374 239 1472 283 ἀδι-

118 311 217 350 κίαν
255 304 356 350 οὕτε
392 307 474 357 τὰς
510 307 722 357 τοιαύτας
758 307 935 362 προέξεις
973 311 1223 364 προςιένται
1246 305 1471 362 προὶττειν,

120 374 224 423 τούς
267 390 309 417 τε
352 372 412 428 μὴ
465 376 662 423 δικαίους
706 375 795 416 τῶν
837 374 1099 429 ἀνθρώπων
1141 373 1357 433 φεύγουσι
1399 378 1472 417 καὶ

118 439 225 491 τοὺς
266 443 461 490 δικαίους
506 446 774 494 στέργουσιν.
825 439 890 491 οἷς
938 441 981 484 δ’
1037 440 1096 484 ἂν
1131 438 1241 497 πρὸς
1278 443 1328 500 τῇ
1367 441 1470 501 δόξῃ

118 509 169 567 τῇ
215 510 341 550 θεῶν
385 512 526 563 ἔρημα
571 508 681 550 εἶναι
732 506 880 551 πάντα
924 507 1161 562 ἀκράτειαί
1204 524 1248 550 τε
1298 507 1472 560 ἡδονῶν

117 577 191 617 καὶ
234 576 385 617 λυπῶν
429 580 724 629 προςπέσωσι,
768 577 940 629 μνῆμαί
989 591 1032 617 τε
1069 577 1242 630 ἰσχυραὶ
1280 577 1352 617 καὶ
1387 593 1472 630 μα-

1515 449 1552 491 C

117 640 277 693 θήσεις
321 641 458 692 ὀξεῖαι
499 643 695 698 παρῶσι,
748 641 799 684 τὸ
857 643 938 695 μὲν
985 639 1045 695 μὴ
1094 642 1286 695 νομίζειν
1331 641 1472 691 θεοὺς
1509 688 1511 691 ,

117 708 290 765 αμφοῖν
337 706 395 750 ἄν
437 710 484 749 ἓν
530 706 724 762 ὑπάρχοι
771 706 925 751 κοινὸν
972 708 1152 758 παθος,
1198 709 1249 785 τῆ
1295 709 1340 750 δὲ
1383 710 1472 750 τῶν

116 773 263 816 ἄλλων
297 772 560 827 ἀνθρώπων
591 774 709 834 λώβη
743 774 792 818 τὸ
832 777 913 829 μὲν
952 774 1132 826 ἐλάττω,
1170 772 1218 817 τὸ
1259 776 1304 817 δὲ
1341 778 1472 818 πλείω

116 858 230 884 κακα
279 840 500 918 ὲρ)α’ζοιτ’
563 839 638 884 ἄν.
683 839 705 884 ὁ
758 844 838 896 μὲν
881 859 967 897 γαρ
1014 842 1131 896 Zo'yqo
1178 858 1222 883 τε
1268 857 1328 882 αν
1375 858 1472 896 περι

117 905 258 958 θεους
293 905 543 965 παρρησίας
579 907 644 960 εἴη
678 906 837 962 μεστὸς
873 912 943 951 καὶ
983 911 1079 963 περὶ
1118 911 1286 958 θυσίας
1322 925 1365 950 τε
1400 926 1472 951 και

117 972 301 1029 ὅρκους,
350 977 421 1017 καὶ
456 972 514 1024 ὡς
552 976 638 1017 τῶν
673 972 821 1017 ἄλλων
851 977 1106 1030 καταγελῶν
1147 974 1243 1031 τάχ’
1287 972 1347 1017 ἂν
1385 979 1469 1018 ἑτέ-

117 1057 224 1098 ρους
260 1039 491 1091 τοιούτους
525 1040 845 1097 ἀπεργάζοιτο,
892 1046 1012 1095 δίκης
1054 1040 1114 1098 μὴ
1153 1041 1409 1097 τυγχάνων·
1444 1041 1466 1086 ὁ
1511 1053 1553 1094 D

206 1167 233 1216 ᾧ
258 1170 339 1214 γὰρ
364 1170 414 1202 ἄν
439 1171 492 1214 μή
527 1172 775 1216 νομίζοντι]
803 1174 938 1216 Vulgo:
972 1168 1025 1207 οἷς
1053 1191 1093 1196 -
1122 1171 1320 1216 νομίζουσι,
1351 1173 1468 1204 invitis

117 1219 220 1252 codd.
245 1218 418 1250 omnibus.

207 1265 247 1296 C.
294 1263 332 1295 ἓν
358 1262 570 1304 ὑπάρχοι]
595 1262 788 1304 ἐνυπάρχοι
815 1267 854 1297 Α.
884 1269 918 1297 et
942 1275 1052 1306 marg.
1070 1262 1108 1298 Ω,
1136 1275 1167 1297 a.
1195 1275 1224 1296 c.
1255 1264 1344 1296 Dein
1371 1264 1466 1295 naz-

116 1323 180 1342 τον
209 1313 248 1342 Α.
276 1315 311 1341 et
337 1310 416 1341 fort.
446 1319 495 1350 pr.
525 1309 572 1340 Ω.
601 1309 717 1342 iudice
745 1311 919 1343 Bekkero.

206 1355 301 1399 περὶ
326 1355 488 1391 θυσίας
513 1357 578 1394 τε]
605 1368 642 1388 τε
667 1366 737 1388 om.
764 1359 804 1389 A.
832 1362 866 1390 et
891 1366 942 1399 pr.
968 1356 1016 1389 Ω.

117 1468 250 1509 zaroc)
297 1477 538 1509 cognomen
588 1477 760 1509 poenae

117 1515 278 1547 habeat
310 1514 524 1546 famosum
561 1513 758 1555 aliquod,

117 1566 161 1592 et
194 1571 281 1592 cum
317 1560 542 1601 religione
583 1559 757 1591 coniun-

117 1611 247 1638 ctum.
273 1624 317 1628 —
360 1605 461 1646 περὶ
487 1604 693 1645 ἀσέβειαν
721 1605 760 1636 δὲ

116 1651 278 1689 ὄντων,
310 1655 353 1682 et
391 1661 518 1691 quum
561 1650 759 1683 homines

116 1698 264 1729 tribus
289 1697 463 1729 caussis
495 1698 535 1728 in
562 1697 759 1739 impieta-

117 1749 159 1776 te
192 1747 449 1783 versentur,
486 1753 535 1775 ex
567 1753 758 1784 unaqua-

115 1799 200 1830 que
225 1793 369 1821 autem
397 1789 616 1821 eiusmodi
641 1799 759 1820 caus-

116 1845 159 1866 sa
187 1835 311 1866 binae
348 1835 552 1867 existant.
602 1835 688 1867 Nam
716 1835 759 1866 ad

116 1880 228 1912 ὄντων
261 1882 324 1911 int.
365 1883 430 1911 τῶν
468 1878 688 1921 ἀνθρώπους
728 1891 759 1912 v.

116 1925 341 1958 Matthiae
383 1927 444 1957 Gr.
490 1926 519 1966 ἓ.
557 1926 636 1960 563.
679 1928 758 1958 coli.

115 1972 226 2013 Legg.
265 1971 319 2005 Vl.
354 1982 386 2013 p.
421 1972 497 2006 762.
534 1975 571 2003 Α.
600 1971 676 2006 763.
715 1973 758 2003 E.

102 2018 196 2057 ΝΠ.
224 2028 256 2060 ρ.
283 2017 362 2051 815.
388 2017 427 2050 C.
454 2018 546 2050 Vlii.
573 2018 700 2059 p.829.
718 2018 745 2050 D

115 2064 198 2096 XII.
232 2075 265 2106 p.
301 2063 382 2097 967.
414 2064 454 2095 C.
504 2064 690 2103 Proxima,
722 2069 760 2095 ut

115 2119 219 2152 supra
274 2109 506 2149 ostendimus,
557 2110 759 2142 insolentius

115 2160 197 2188 aunt
223 2156 411 2187 enuntiata.
470 2158 643 2188 Accurata
670 2156 757 2188 ratio

116 2201 300 2243 exigebat:
350 2199 430 2238 ὥςτε
478 2199 511 2236 ἓξ
564 2203 757 2244 γίγνεσθαι,

115 2247 207 2289 quod
248 2256 323 2279 cum
368 2248 500 2289 protasi
539 2247 758 2287 cohaereret,

115 2303 156 2325 ac
188 2292 331 2326 deinde:
364 2296 478 2326 ταῦτα
511 2291 554 2324 τὰ
592 2298 668 2335 γένη
701 2292 759 2324 καὶ

116 2339 315 2378 διακρίσεως
340 2338 438 2378 ἄξια,
466 2349 514 2371 sc.
540 2339 642 2371 ἐστίν.
686 2338 756 2370 Sed

117 2384 195 2416 hoc·
215 2384 265 2415 sic
290 2388 459 2416 mutatum
495 2390 570 2424 est,
601 2389 636 2417 ut
661 2383 692 2420 ἓξ
716 2384 760 2415 ἄν

114 2431 288 2473 γίγνοιντο
314 2429 381 2470 (sc.
407 2430 534 2471 αἰτίαι)
560 2430 602 2462 ad
623 2431 756 2472 aporio—

116 2477 169 2507 sin
196 2475 387 2517 pertineat,
422 2485 490 2516 quo
523 2477 615 2509 iilato
643 2478 756 2519 pergi-

117 2527 172 2554 tur
197 2521 381 2562 deinceps:
415 2518 437 2551 ἃ
469 2520 524 2551 καὶ
560 2523 759 2564 διακρίσεως

115 2567 196 2602 ἄξια
235 2568 327 2608 γένη.
390 2566 493 2600 Quod
532 2567 620 2599 ἐστὶν
663 2568 754 2610 apud

116 2613 196 2648 ἄξια
235 2612 499 2652 inteiiigondum
541 2614 756 2654 relinquitur,

118 2658 224 2690 docte
279 2658 431 2691 ostendit
484 2657 756 2693 Schaeferus

117 2704 159 2736 ad
202 2703 325 2737 Lamb.
370 2704 452 2736 Bos.
491 2714 522 2745 p.
559 2704 638 2740 605.
679 2716 756 2739 esse

826 1467 890 1500 hoc
915 1468 1029 1510 ipsum
1058 1467 1265 1500 adiectu-um
1286 1468 1318 1499 in
1346 1476 1467 1499 eorum

827 1524 991 1553 numero,
1020 1524 1107 1555 quae
1135 1513 1220 1546 hanc
1246 1514 1467 1546 omissionem

827 1559 975 1592 habeant
1007 1561 1111 1602 longe
1143 1560 1467 1601 frequentissimam.

873 1628 916 1660 Β.
965 1631 1200 1671 μισοῦντές
1233 1639 1276 1659 τε
1277 1630 1469 1672 γίγνον-

828 1675 927 1716 ται]
966 1675 1116 1707 Pluraiis
1152 1679 1231 1716 post
1264 1675 1288 1704 ὠ
1327 1686 1385 1712 αν,
1426 1672 1470 1705 de

828 1730 897 1761 quo
922 1731 988 1753 usu
1015 1731 1047 1753 v.
1072 1721 1113 1753 ad
1142 1719 1273 1753 Phiieb.
1302 1729 1335 1760 p.
1351 1719 1407 1753 45.
1428 1718 1468 1750 C.

829 1784 871 1791 —
921 1771 973 1798 τῶ
1029 1767 1334 1808 διςχεραίνειν
1391 1777 1470 1804 την

827 1811 1024 1849 ἀδικίαν,
1064 1823 1112 1844 eo
1145 1812 1257 1853 quoii
1295 1811 1469 1842 iniusti-

827 1859 926 1890 tiam
967 1859 1167 1892 oderunt.
1211 1857 1268 1889 De
1300 1857 1390 1898 Rep.
1427 1856 1467 1887 li.

828 1915 861 1946 p.
894 1904 973 1938 362.
1009 1905 1049 1937 Β.
1085 1903 1298 1947 ὠφελεῖσθαι
1331 1902 1468 1944 κερδαί-

827 1962 931 1981 νοντα
969 1950 1016 1990 τῷ
1062 1950 1108 1993 μὴ
1158 1950 1386 1990 δι’ςχεραίνειν
1425 1947 1467 1979 τὸ

828 1994 962 2027 ἀδικεῖν.
993 1997 1084 2029 conf.
1115 1995 1158 2028 ad
1192 2006 1223 2036 ρ.
1250 1994 1329 2029 885.
1359 1995 1397 2026 C.
1425 2011 1469 2018 -·

829 2044 938 2074 θεων
962 2043 1097 2085 ἔρημα
1123 2041 1295 2073 εἷναι-
1317 2041 1467 2072 Contra-

827 2088 915 2120 rium
943 2093 1014 2120 est:
1042 2090 1132 2120 θεῶν
1149 2085 1260 2129 πλήρη
1278 2084 1393 2118 πάντα
1419 2085 1466 2117 εἷ-

818 2146 900 2174 ναι,
933 2144 1002 2175 quo
1035 2133 1217 2167 Thaletem
1251 2142 1349 2164 usum
1387 2142 1467 2164 esse

826 2190 931 2222 supra
960 2180 1106 2213 vidimus
1132 2179 1174 2212 ad
1200 2191 1232 2222 p.
1257 2179 1336 2213 899.
1365 2178 1404 2209 Β.

872 2249 912 2280 C.
961 2252 1009 2290 τῇ
1043 2249 1086 2281 δὲ
1115 2252 1195 2280 τῶν
1229 2246 1368 2278 ἄλλων
1400 2245 1466 2277 ἆν-

828 2293 1014 2336 &quiniou
1040 2293 1169 2338 λώβῃ]
1195 2294 1270 2325 sed
1298 2294 1334 2324 in
1361 2293 1466 2324 aiio-

828 2349 913 2372 rnm
966 2339 1177 2373 hominum
1232 2338 1467 2370 detrimen-

828 2391 912 2417 tum
952 2388 1142 2419 alterum
1181 2385 1366 2424 minora,
1410 2386 1466 2416 ai-

826 2437 965 2464 terum
1007 2432 1171 2464 maiora
1209 2431 1314 2462 maia
1364 2430 1465 2462 effi-

827 2477 898 2509 cit.
926 2478 976 2510 De
1001 2478 1116 2510 dativo
1141 2479 1184 2519 τῇ
1200 2475 1295 2519 λώβῃ
1312 2487 1341 2507 v.
1360 2475 1469 2508 Mat-

824 2522 942 2556 thiae
974 2524 1038 2555 Gr.
1075 2523 1106 2564 ξ.
1135 2522 1216 2557 400.
1250 2522 1283 2556 6.
1315 2541 1359 2546 -
1415 2521 1461 2553 τὸ

823 2570 919 2610 μέν,
956 2570 976 2603 i.
1008 2581 1040 2601 e.
1071 2568 1111 2601 τὸ
1147 2568 1193 2611 μή
1230 2568 1342 2604 θεοὺς
1366 2569 1464 2609 νομί-

824 2614 894 2654 ζειν
919 2615 1053 2647 δίκαιον
1079 2615 1184 2652 ὄντα,
1208 2627 1236 2646 κ.
1263 2627 1293 2646 τ.
1320 2613 1349 2647 λ.

870 2660 939 2691 καὶ
970 2660 1019 2699 ὥς
1050 2664 1131 2694 τῶν
1167 2660 1302 2692 ἄλλων
1338 2671 1462 2690 κατα-

824 2705 959 2749 γελῶν
986 2709 1054 2749 -]
1092 2711 1133 2740 et
1158 2710 1316 2750 utpote
1343 2704 1463 2737 homo
