<?xml version="1.0" encoding="UTF-8"?>
<!DOCTYPE html PUBLIC "-//W3C//DTD XHTML 1.0 Transitional//EN"
    "http://www.w3.org/TR/xhtml1/DTD/xhtml1-transitional.dtd">
<html xmlns="http://www.w3.org/1999/xhtml" xml:lang="en" lang="en">
 <head>
  <title>
</title>
<meta http-equiv="Content-Type" content="text/html;charset=utf-8" />
  <meta name='ocr-system' content='tesseract 3.04.00' />
  <meta name='ocr-capabilities' content='ocr_page ocr_carea ocr_par ocr_line ocrx_word'/>
</head>
<body>
  <div class='ocr_page' id='page_1' title='image "./n3operaomniarecens10platuoft/n3operaomniarecens10platuoft_0460.png"; bbox 0 0 1781 2971; ppageno 0'>
   <div class='ocr_carea' id='block_1_1' title="bbox 265 154 1196 198">
    <p class='ocr_par' dir='ltr' id='par_1_1' title="bbox 265 154 1196 198">
     <span class='ocr_line' id='line_1_1' title="bbox 265 154 1196 198; baseline -0.001 -1"><span class='ocrx_word' id='word_1_1' title='bbox 265 158 349 198; x_wconf 74' lang='lat'>456</span> <span class='ocrx_word' id='word_1_2' title='bbox 703 156 782 196; x_wconf 79' lang='lat' dir='ltr'>DE</span> <span class='ocrx_word' id='word_1_3' title='bbox 814 154 1196 197; x_wconf 76' lang='lat' dir='ltr'>EPINOMIDIS</span> 
     </span>
    </p>
   </div>
   <div class='ocr_carea' id='block_1_2' title="bbox 263 265 1623 2750">
    <p class='ocr_par' dir='ltr' id='par_1_2' title="bbox 263 265 1623 2750">
     <span class='ocr_line' id='line_1_2' title="bbox 265 265 1615 322; baseline -0.002 -14"><span class='ocrx_word' id='word_1_4' title='bbox 265 267 405 308; x_wconf 86' lang='lat' dir='ltr'>varias</span> <span class='ocrx_word' id='word_1_5' title='bbox 437 267 528 308; x_wconf 82' lang='lat' dir='ltr'>eius</span> <span class='ocrx_word' id='word_1_6' title='bbox 561 267 722 308; x_wconf 83' lang='lat' dir='ltr'>formas</span> <span class='ocrx_word' id='word_1_7' title='bbox 765 273 894 322; x_wconf 83' lang='lat' dir='ltr'>atque</span> <span class='ocrx_word' id='word_1_8' title='bbox 938 274 1082 322; x_wconf 87' lang='lat' dir='ltr'>partes</span> <span class='ocrx_word' id='word_1_9' title='bbox 1123 280 1206 322; x_wconf 84' lang='lat' dir='ltr'>ope</span> <span class='ocrx_word' id='word_1_10' title='bbox 1248 265 1500 309; x_wconf 70' lang='lat' dir='ltr'>dialecticae</span> <span class='ocrx_word' id='word_1_11' title='bbox 1543 280 1615 306; x_wconf 88' lang='lat' dir='ltr'>ex-</span> 
     </span>
     <span class='ocr_line' id='line_1_3' title="bbox 263 322 1615 379; baseline -0.001 -16"><span class='ocrx_word' id='word_1_12' title='bbox 263 323 540 379; x_wconf 81' lang='lat' dir='ltr'>ploraverint.</span> <span class='ocrx_word' id='word_1_13' title='bbox 614 322 888 376; x_wconf 77' lang='lat' dir='ltr'>Quamquam</span> <span class='ocrx_word' id='word_1_14' title='bbox 928 324 1123 379; x_wconf 85' lang='lat' dir='ltr'>inprimis</span> <span class='ocrx_word' id='word_1_15' title='bbox 1165 324 1293 364; x_wconf 86' lang='lat' dir='ltr'>etiam</span> <span class='ocrx_word' id='word_1_16' title='bbox 1334 322 1441 364; x_wconf 87' lang='lat' dir='ltr'>illud</span> <span class='ocrx_word' id='word_1_17' title='bbox 1472 322 1529 364; x_wconf 90' lang='lat' dir='ltr'>ibi</span> <span class='ocrx_word' id='word_1_18' title='bbox 1562 322 1615 362; x_wconf 86' lang='lat' dir='ltr'>ab</span> 
     </span>
     <span class='ocr_line' id='line_1_4' title="bbox 264 378 1617 436; baseline -0.001 -16"><span class='ocrx_word' id='word_1_19' title='bbox 264 380 315 420; x_wconf 92' lang='lat' dir='ltr'>iis</span> <span class='ocrx_word' id='word_1_20' title='bbox 344 380 506 436; x_wconf 86' lang='lat' dir='ltr'>exigit,</span> <span class='ocrx_word' id='word_1_21' title='bbox 551 386 599 420; x_wconf 91' lang='lat' dir='ltr'>ut</span> <span class='ocrx_word' id='word_1_22' title='bbox 638 394 780 420; x_wconf 91' lang='lat' dir='ltr'>rerum</span> <span class='ocrx_word' id='word_1_23' title='bbox 810 378 1056 421; x_wconf 88' lang='lat' dir='ltr'>divinarum</span> <span class='ocrx_word' id='word_1_24' title='bbox 1088 395 1138 421; x_wconf 86' lang='lat' dir='ltr'>ac</span> <span class='ocrx_word' id='word_1_25' title='bbox 1180 378 1360 421; x_wconf 88' lang='lat' dir='ltr'>deorum</span> <span class='ocrx_word' id='word_1_26' title='bbox 1392 378 1617 420; x_wconf 76' lang='lat' dir='ltr'>certiorem</span> 
     </span>
     <span class='ocr_line' id='line_1_5' title="bbox 267 433 1618 491; baseline -0.001 -15"><span class='ocrx_word' id='word_1_27' title='bbox 267 434 486 490; x_wconf 87' lang='lat' dir='ltr'>quandam</span> <span class='ocrx_word' id='word_1_28' title='bbox 520 436 710 477; x_wconf 89' lang='lat' dir='ltr'>habeant</span> <span class='ocrx_word' id='word_1_29' title='bbox 748 436 971 489; x_wconf 78' lang='lat' dir='ltr'>notitiam,</span> <span class='ocrx_word' id='word_1_30' title='bbox 1015 435 1071 477; x_wconf 88' lang='lat' dir='ltr'>ad</span> <span class='ocrx_word' id='word_1_31' title='bbox 1113 451 1241 491; x_wconf 87' lang='lat' dir='ltr'>quam</span> <span class='ocrx_word' id='word_1_32' title='bbox 1286 433 1618 491; x_wconf 80' lang='lat' dir='ltr'>comparandam</span> 
     </span>
     <span class='ocr_line' id='line_1_6' title="bbox 266 490 1620 547; baseline -0.001 -14"><span class='ocrx_word' id='word_1_33' title='bbox 266 492 416 545; x_wconf 88' lang='lat' dir='ltr'>utique</span> <span class='ocrx_word' id='word_1_34' title='bbox 447 507 589 534; x_wconf 86' lang='lat' dir='ltr'>rerum</span> <span class='ocrx_word' id='word_1_35' title='bbox 622 491 876 533; x_wconf 87' lang='lat' dir='ltr'>coelestium</span> <span class='ocrx_word' id='word_1_36' title='bbox 898 492 1195 547; x_wconf 79' lang='lat' dir='ltr'>cognitionem</span> <span class='ocrx_word' id='word_1_37' title='bbox 1215 492 1445 547; x_wconf 89' lang='lat' dir='ltr'>plurimum</span> <span class='ocrx_word' id='word_1_38' title='bbox 1476 490 1620 532; x_wconf 85' lang='lat' dir='ltr'>valere</span> 
     </span>
     <span class='ocr_line' id='line_1_7' title="bbox 267 545 1619 603; baseline -0.001 -14"><span class='ocrx_word' id='word_1_39' title='bbox 267 549 505 590; x_wconf 85' lang='lat' dir='ltr'>arbitratur</span> <span class='ocrx_word' id='word_1_40' title='bbox 536 552 599 603; x_wconf 87' lang='lat' dir='ltr'>(p.</span> <span class='ocrx_word' id='word_1_41' title='bbox 632 550 730 590; x_wconf 80' lang='lat'><strong>961.</strong></span> <span class='ocrx_word' id='word_1_42' title='bbox 766 548 817 589; x_wconf 87' lang='lat' dir='ltr'>B.</span> <span class='ocrx_word' id='word_1_43' title='bbox 850 573 904 578; x_wconf 89' lang='lat'>——</span> <span class='ocrx_word' id='word_1_44' title='bbox 935 550 1067 602; x_wconf 52' lang='lat'>9670.</span> <span class='ocrx_word' id='word_1_45' title='bbox 1129 550 1192 590; x_wconf 83' lang='lat' dir='ltr'>At</span> <span class='ocrx_word' id='word_1_46' title='bbox 1224 549 1338 589; x_wconf 89' lang='lat' dir='ltr'>enim</span> <span class='ocrx_word' id='word_1_47' title='bbox 1369 563 1472 589; x_wconf 89' lang='lat' dir='ltr'>vero</span> <span class='ocrx_word' id='word_1_48' title='bbox 1502 545 1619 588; x_wconf 86' lang='lat' dir='ltr'>istud</span> 
     </span>
     <span class='ocr_line' id='line_1_8' title="bbox 266 604 1619 660; baseline -0.001 -14"><span class='ocrx_word' id='word_1_49' title='bbox 266 604 441 659; x_wconf 89' lang='lat' dir='ltr'>quidem</span> <span class='ocrx_word' id='word_1_50' title='bbox 477 605 603 647; x_wconf 83' lang='lat' dir='ltr'>facile</span> <span class='ocrx_word' id='word_1_51' title='bbox 624 616 806 660; x_wconf 87' lang='lat' dir='ltr'>apparet</span> <span class='ocrx_word' id='word_1_52' title='bbox 836 620 921 646; x_wconf 91' lang='lat' dir='ltr'>non</span> <span class='ocrx_word' id='word_1_53' title='bbox 946 620 1078 646; x_wconf 90' lang='lat' dir='ltr'>unum</span> <span class='ocrx_word' id='word_1_54' title='bbox 1101 613 1176 646; x_wconf 87' lang='lat' dir='ltr'>aut</span> <span class='ocrx_word' id='word_1_55' title='bbox 1198 605 1480 660; x_wconf 85' lang='lat' dir='ltr'>praecipuum</span> <span class='ocrx_word' id='word_1_56' title='bbox 1507 618 1619 655; x_wconf 86' lang='lat' dir='ltr'>esse,</span> 
     </span>
     <span class='ocr_line' id='line_1_9' title="bbox 267 660 1621 715; baseline -0.001 -13"><span class='ocrx_word' id='word_1_57' title='bbox 267 660 385 715; x_wconf 90' lang='lat' dir='ltr'>quod</span> <span class='ocrx_word' id='word_1_58' title='bbox 415 661 476 703; x_wconf 91' lang='lat' dir='ltr'>ibi</span> <span class='ocrx_word' id='word_1_59' title='bbox 507 662 561 703; x_wconf 85' lang='lat' dir='ltr'>ab</span> <span class='ocrx_word' id='word_1_60' title='bbox 592 662 677 703; x_wconf 91' lang='lat' dir='ltr'>illis</span> <span class='ocrx_word' id='word_1_61' title='bbox 709 661 958 715; x_wconf 82' lang='lat' dir='ltr'>requiritur.</span> <span class='ocrx_word' id='word_1_62' title='bbox 1025 661 1259 702; x_wconf 85' lang='lat' dir='ltr'>Enimvero</span> <span class='ocrx_word' id='word_1_63' title='bbox 1305 661 1359 702; x_wconf 88' lang='lat' dir='ltr'>ad</span> <span class='ocrx_word' id='word_1_64' title='bbox 1391 661 1497 702; x_wconf 88' lang='lat' dir='ltr'>hacc</span> <span class='ocrx_word' id='word_1_65' title='bbox 1531 675 1621 701; x_wconf 90' lang='lat' dir='ltr'>om-</span> 
     </span>
     <span class='ocr_line' id='line_1_10' title="bbox 265 716 1623 773; baseline -0.001 -15"><span class='ocrx_word' id='word_1_66' title='bbox 265 718 338 759; x_wconf 87' lang='lat' dir='ltr'>nia</span> <span class='ocrx_word' id='word_1_67' title='bbox 369 718 498 759; x_wconf 82' lang='lat' dir='ltr'>etiam</span> <span class='ocrx_word' id='word_1_68' title='bbox 537 718 643 759; x_wconf 86' lang='lat' dir='ltr'>alias</span> <span class='ocrx_word' id='word_1_69' title='bbox 676 717 931 773; x_wconf 86' lang='lat' dir='ltr'>disciplinas</span> <span class='ocrx_word' id='word_1_70' title='bbox 962 717 1258 772; x_wconf 86' lang='lat' dir='ltr'>imprimisque</span> <span class='ocrx_word' id='word_1_71' title='bbox 1290 718 1496 759; x_wconf 78' lang='lat' dir='ltr'>musicam</span> <span class='ocrx_word' id='word_1_72' title='bbox 1529 716 1623 757; x_wconf 80' lang='lat' dir='ltr'>vult</span> 
     </span>
     <span class='ocr_line' id='line_1_11' title="bbox 267 773 1620 830; baseline -0.001 -15"><span class='ocrx_word' id='word_1_73' title='bbox 267 774 500 828; x_wconf 77' lang='lat' dir='ltr'>accedere,</span> <span class='ocrx_word' id='word_1_74' title='bbox 542 774 745 829; x_wconf 88' lang='lat' dir='ltr'>quoniam</span> <span class='ocrx_word' id='word_1_75' title='bbox 786 775 847 815; x_wconf 83' lang='lat' dir='ltr'>ita</span> <span class='ocrx_word' id='word_1_76' title='bbox 878 773 1050 815; x_wconf 82' lang='lat' dir='ltr'>demum</span> <span class='ocrx_word' id='word_1_77' title='bbox 1082 774 1176 815; x_wconf 89' lang='lat' dir='ltr'>fieri</span> <span class='ocrx_word' id='word_1_78' title='bbox 1208 775 1371 830; x_wconf 82' lang='lat' dir='ltr'>possit,</span> <span class='ocrx_word' id='word_1_79' title='bbox 1414 781 1461 815; x_wconf 86' lang='lat' dir='ltr'>ut</span> <span class='ocrx_word' id='word_1_80' title='bbox 1499 773 1620 828; x_wconf 86' lang='lat' dir='ltr'>leges</span> 
     </span>
     <span class='ocr_line' id='line_1_12' title="bbox 269 830 1620 886; baseline -0.001 -15"><span class='ocrx_word' id='word_1_81' title='bbox 269 837 312 872; x_wconf 87' lang='lat' dir='ltr'>et</span> <span class='ocrx_word' id='word_1_82' title='bbox 350 831 554 873; x_wconf 83' lang='lat' dir='ltr'>instituta</span> <span class='ocrx_word' id='word_1_83' title='bbox 594 831 785 872; x_wconf 84' lang='lat' dir='ltr'>civitatis</span> <span class='ocrx_word' id='word_1_84' title='bbox 821 830 1058 886; x_wconf 83' lang='lat' dir='ltr'>prudenter</span> <span class='ocrx_word' id='word_1_85' title='bbox 1102 838 1399 885; x_wconf 83' lang='lat' dir='ltr'>temperentur</span> <span class='ocrx_word' id='word_1_86' title='bbox 1450 830 1620 884; x_wconf 87' lang='lat' dir='ltr'>sapien-</span> 
     </span>
     <span class='ocr_line' id='line_1_13' title="bbox 267 886 1619 942; baseline -0.001 -14"><span class='ocrx_word' id='word_1_87' title='bbox 267 896 420 942; x_wconf 86' lang='lat' dir='ltr'>terque</span> <span class='ocrx_word' id='word_1_88' title='bbox 451 894 755 929; x_wconf 84' lang='lat' dir='ltr'>sustententur</span> <span class='ocrx_word' id='word_1_89' title='bbox 786 887 848 942; x_wconf 85' lang='lat' dir='ltr'>(p.</span> <span class='ocrx_word' id='word_1_90' title='bbox 880 889 961 930; x_wconf 69' lang='lat'>967</span> <span class='ocrx_word' id='word_1_91' title='bbox 998 912 1049 917; x_wconf 89' lang='lat'>—</span> <span class='ocrx_word' id='word_1_92' title='bbox 1081 889 1177 929; x_wconf 76' lang='lat'><strong>968.</strong></span> <span class='ocrx_word' id='word_1_93' title='bbox 1208 888 1302 941; x_wconf 83' lang='lat' dir='ltr'>A.).</span> <span class='ocrx_word' id='word_1_94' title='bbox 1377 887 1506 928; x_wconf 81' lang='lat' dir='ltr'>Tales</span> <span class='ocrx_word' id='word_1_95' title='bbox 1539 886 1619 940; x_wconf 79' lang='lat' dir='ltr'>igi-</span> 
     </span>
     <span class='ocr_line' id='line_1_14' title="bbox 267 943 1619 999; baseline -0.001 -15"><span class='ocrx_word' id='word_1_96' title='bbox 267 952 340 985; x_wconf 88' lang='lat' dir='ltr'>tur</span> <span class='ocrx_word' id='word_1_97' title='bbox 369 951 471 986; x_wconf 88' lang='lat' dir='ltr'>sunt.</span> <span class='ocrx_word' id='word_1_98' title='bbox 503 958 614 998; x_wconf 89' lang='lat' dir='ltr'>quos</span> <span class='ocrx_word' id='word_1_99' title='bbox 650 944 773 985; x_wconf 81' lang='lat' dir='ltr'>Plato</span> <span class='ocrx_word' id='word_1_100' title='bbox 815 945 860 985; x_wconf 86' lang='lat' dir='ltr'>in</span> <span class='ocrx_word' id='word_1_101' title='bbox 902 943 1097 999; x_wconf 78' lang='lat' dir='ltr'>Legibus</span> <span class='ocrx_word' id='word_1_102' title='bbox 1139 943 1391 984; x_wconf 83' lang='lat' dir='ltr'>informavit</span> <span class='ocrx_word' id='word_1_103' title='bbox 1430 943 1619 984; x_wconf 84' lang='lat' dir='ltr'>civitatis</span> 
     </span>
     <span class='ocr_line' id='line_1_15' title="bbox 269 998 1620 1055; baseline -0.001 -15"><span class='ocrx_word' id='word_1_104' title='bbox 269 1001 313 1041; x_wconf 91' lang='lat' dir='ltr'>in</span> <span class='ocrx_word' id='word_1_105' title='bbox 353 1001 437 1042; x_wconf 85' lang='lat' dir='ltr'>hoc</span> <span class='ocrx_word' id='word_1_106' title='bbox 484 1015 616 1054; x_wconf 85' lang='lat' dir='ltr'>opere</span> <span class='ocrx_word' id='word_1_107' title='bbox 657 999 860 1042; x_wconf 89' lang='lat' dir='ltr'>conditae</span> <span class='ocrx_word' id='word_1_108' title='bbox 902 1000 1179 1055; x_wconf 77' lang='lat' dir='ltr'>magistratus</span> <span class='ocrx_word' id='word_1_109' title='bbox 1221 1007 1350 1053; x_wconf 87' lang='lat' dir='ltr'>atque</span> <span class='ocrx_word' id='word_1_110' title='bbox 1401 998 1620 1041; x_wconf 84' lang='lat' dir='ltr'>custodes.</span> 
     </span>
     <span class='ocr_line' id='line_1_16' title="bbox 272 1055 1621 1111; baseline -0.001 -13"><span class='ocrx_word' id='word_1_111' title='bbox 272 1056 471 1109; x_wconf 80' lang='lat' dir='ltr'>Quorum</span> <span class='ocrx_word' id='word_1_112' title='bbox 503 1055 678 1111; x_wconf 91' lang='lat' dir='ltr'>quidem</span> <span class='ocrx_word' id='word_1_113' title='bbox 710 1056 1030 1097; x_wconf 87' lang='lat' dir='ltr'>institutionem</span> <span class='ocrx_word' id='word_1_114' title='bbox 1061 1062 1192 1110; x_wconf 85' lang='lat' dir='ltr'>atque</span> <span class='ocrx_word' id='word_1_115' title='bbox 1225 1056 1513 1098; x_wconf 90' lang='lat' dir='ltr'>cruditionem</span> <span class='ocrx_word' id='word_1_116' title='bbox 1545 1056 1621 1097; x_wconf 90' lang='lat' dir='ltr'>ubi</span> 
     </span>
     <span class='ocr_line' id='line_1_17' title="bbox 270 1112 1622 1168; baseline -0.001 -15"><span class='ocrx_word' id='word_1_117' title='bbox 270 1113 338 1154; x_wconf 91' lang='lat' dir='ltr'>vel</span> <span class='ocrx_word' id='word_1_118' title='bbox 368 1113 522 1154; x_wconf 88' lang='lat' dir='ltr'>leviter</span> <span class='ocrx_word' id='word_1_119' title='bbox 553 1128 651 1154; x_wconf 88' lang='lat' dir='ltr'>cum</span> <span class='ocrx_word' id='word_1_120' title='bbox 682 1113 734 1155; x_wconf 90' lang='lat' dir='ltr'>iis</span> <span class='ocrx_word' id='word_1_121' title='bbox 765 1113 1187 1168; x_wconf 83' lang='lat' dir='ltr'>comparaverimus,</span> <span class='ocrx_word' id='word_1_122' title='bbox 1233 1127 1342 1166; x_wconf 87' lang='lat' dir='ltr'>quae</span> <span class='ocrx_word' id='word_1_123' title='bbox 1373 1113 1427 1155; x_wconf 86' lang='lat' dir='ltr'>ab</span> <span class='ocrx_word' id='word_1_124' title='bbox 1461 1112 1622 1167; x_wconf 82' lang='lat' dir='ltr'>Epino-</span> 
     </span>
     <span class='ocr_line' id='line_1_18' title="bbox 269 1168 1622 1225; baseline -0.001 -15"><span class='ocrx_word' id='word_1_125' title='bbox 269 1168 396 1211; x_wconf 90' lang='lat' dir='ltr'>midis</span> <span class='ocrx_word' id='word_1_126' title='bbox 427 1174 605 1211; x_wconf 87' lang='lat' dir='ltr'>auctore</span> <span class='ocrx_word' id='word_1_127' title='bbox 644 1175 746 1211; x_wconf 87' lang='lat' dir='ltr'>sunt</span> <span class='ocrx_word' id='word_1_128' title='bbox 785 1169 1002 1225; x_wconf 70' lang='lat' dir='ltr'>exposita,</span> <span class='ocrx_word' id='word_1_129' title='bbox 1043 1184 1186 1210; x_wconf 89' lang='lat' dir='ltr'>nonne</span> <span class='ocrx_word' id='word_1_130' title='bbox 1227 1169 1341 1210; x_wconf 91' lang='lat' dir='ltr'>ultro</span> <span class='ocrx_word' id='word_1_131' title='bbox 1383 1169 1508 1211; x_wconf 85' lang='lat' dir='ltr'>fateri</span> <span class='ocrx_word' id='word_1_132' title='bbox 1549 1184 1622 1211; x_wconf 84' lang='lat' dir='ltr'>co-</span> 
     </span>
     <span class='ocr_line' id='line_1_19' title="bbox 301 1225 1621 1280; baseline -0.001 -13"><span class='ocrx_word' id='word_1_133' title='bbox 301 1240 422 1267; x_wconf 91' lang='lat' dir='ltr'>emur</span> <span class='ocrx_word' id='word_1_134' title='bbox 462 1225 659 1267; x_wconf 84' lang='lat' dir='ltr'>Platonis</span> <span class='ocrx_word' id='word_1_135' title='bbox 710 1227 923 1268; x_wconf 87' lang='lat' dir='ltr'>rationem</span> <span class='ocrx_word' id='word_1_136' title='bbox 963 1226 1016 1267; x_wconf 86' lang='lat' dir='ltr'>ab</span> <span class='ocrx_word' id='word_1_137' title='bbox 1064 1226 1161 1267; x_wconf 82' lang='lat' dir='ltr'>istis</span> <span class='ocrx_word' id='word_1_138' title='bbox 1210 1226 1364 1267; x_wconf 86' lang='lat' dir='ltr'>mirum</span> <span class='ocrx_word' id='word_1_139' title='bbox 1412 1238 1621 1280; x_wconf 86' lang='lat' dir='ltr'>quantum</span> 
     </span>
     <span class='ocr_line' id='line_1_20' title="bbox 269 1242 1621 1339; baseline -0.001 -15"><span class='ocrx_word' id='word_1_140' title='bbox 269 1242 551 1339; x_wconf 42' lang='lat' dir='ltr'>discrepare?</span> <span class='ocrx_word' id='word_1_141' title='bbox 612 1283 827 1324; x_wconf 89' lang='lat' dir='ltr'>Nimirum</span> <span class='ocrx_word' id='word_1_142' title='bbox 862 1282 1001 1324; x_wconf 86' lang='lat' dir='ltr'>haesit</span> <span class='ocrx_word' id='word_1_143' title='bbox 1022 1282 1298 1337; x_wconf 85' lang='lat' dir='ltr'>Epinomidis</span> <span class='ocrx_word' id='word_1_144' title='bbox 1320 1289 1474 1324; x_wconf 85' lang='lat' dir='ltr'>auctor</span> <span class='ocrx_word' id='word_1_145' title='bbox 1496 1282 1621 1324; x_wconf 87' lang='lat' dir='ltr'>unice</span> 
     </span>
     <span class='ocr_line' id='line_1_21' title="bbox 269 1338 1622 1395; baseline 0.001 -16"><span class='ocrx_word' id='word_1_146' title='bbox 269 1340 312 1380; x_wconf 93' lang='lat' dir='ltr'>in</span> <span class='ocrx_word' id='word_1_147' title='bbox 350 1338 568 1381; x_wconf 88' lang='lat' dir='ltr'>laudanda</span> <span class='ocrx_word' id='word_1_148' title='bbox 609 1345 652 1380; x_wconf 88' lang='lat' dir='ltr'>et</span> <span class='ocrx_word' id='word_1_149' title='bbox 690 1338 983 1395; x_wconf 85' lang='lat' dir='ltr'>praedicanda</span> <span class='ocrx_word' id='word_1_150' title='bbox 1033 1338 1264 1395; x_wconf 85' lang='lat' dir='ltr'>disciplina</span> <span class='ocrx_word' id='word_1_151' title='bbox 1315 1339 1622 1380; x_wconf 85' lang='lat' dir='ltr'>mathematica</span> 
     </span>
     <span class='ocr_line' id='line_1_22' title="bbox 270 1395 1622 1452; baseline -0.001 -15"><span class='ocrx_word' id='word_1_152' title='bbox 270 1397 541 1450; x_wconf 81' lang='lat' dir='ltr'>maximeque</span> <span class='ocrx_word' id='word_1_153' title='bbox 573 1396 889 1450; x_wconf 86' lang='lat' dir='ltr'>astronomica,</span> <span class='ocrx_word' id='word_1_154' title='bbox 932 1395 987 1436; x_wconf 84' lang='lat' dir='ltr'>ad</span> <span class='ocrx_word' id='word_1_155' title='bbox 1027 1395 1154 1437; x_wconf 88' lang='lat' dir='ltr'>istam</span> <span class='ocrx_word' id='word_1_156' title='bbox 1194 1396 1401 1437; x_wconf 86' lang='lat' dir='ltr'>rationem</span> <span class='ocrx_word' id='word_1_157' title='bbox 1446 1411 1496 1437; x_wconf 89' lang='lat' dir='ltr'>eo</span> <span class='ocrx_word' id='word_1_158' title='bbox 1526 1411 1622 1452; x_wconf 85' lang='lat' dir='ltr'>per-</span> 
     </span>
     <span class='ocr_line' id='line_1_23' title="bbox 270 1451 1620 1508; baseline -0.001 -14"><span class='ocrx_word' id='word_1_159' title='bbox 270 1452 452 1505; x_wconf 89' lang='lat' dir='ltr'>ductus,</span> <span class='ocrx_word' id='word_1_160' title='bbox 495 1452 614 1506; x_wconf 90' lang='lat' dir='ltr'>quod</span> <span class='ocrx_word' id='word_1_161' title='bbox 653 1452 862 1507; x_wconf 87' lang='lat' dir='ltr'>pietatem</span> <span class='ocrx_word' id='word_1_162' title='bbox 903 1467 1008 1508; x_wconf 82' lang='lat' dir='ltr'>erga</span> <span class='ocrx_word' id='word_1_163' title='bbox 1048 1451 1152 1494; x_wconf 85' lang='lat' dir='ltr'>deos</span> <span class='ocrx_word' id='word_1_164' title='bbox 1193 1460 1323 1507; x_wconf 84' lang='lat' dir='ltr'>atque</span> <span class='ocrx_word' id='word_1_165' title='bbox 1367 1452 1620 1507; x_wconf 84' lang='lat' dir='ltr'>religionem</span> 
     </span>
     <span class='ocr_line' id='line_1_24' title="bbox 270 1509 1622 1564; baseline 0 -14"><span class='ocrx_word' id='word_1_166' title='bbox 270 1509 408 1550; x_wconf 85' lang='lat' dir='ltr'>invito</span> <span class='ocrx_word' id='word_1_167' title='bbox 446 1509 627 1551; x_wconf 86' lang='lat' dir='ltr'>Platone</span> <span class='ocrx_word' id='word_1_168' title='bbox 654 1509 754 1564; x_wconf 91' lang='lat' dir='ltr'>ipso</span> <span class='ocrx_word' id='word_1_169' title='bbox 789 1524 864 1564; x_wconf 90' lang='lat' dir='ltr'>pro</span> <span class='ocrx_word' id='word_1_170' title='bbox 895 1523 1062 1550; x_wconf 84' lang='lat' dir='ltr'>summa</span> <span class='ocrx_word' id='word_1_171' title='bbox 1093 1509 1253 1550; x_wconf 81' lang='lat' dir='ltr'>virtute</span> <span class='ocrx_word' id='word_1_172' title='bbox 1285 1509 1432 1558; x_wconf 79' lang='lat' dir='ltr'>duxit3</span> <span class='ocrx_word' id='word_1_173' title='bbox 1480 1516 1622 1550; x_wconf 88' lang='lat' dir='ltr'>cetera</span> 
     </span>
     <span class='ocr_line' id='line_1_25' title="bbox 271 1565 1620 1621; baseline -0.001 -14"><span class='ocrx_word' id='word_1_174' title='bbox 271 1566 439 1618; x_wconf 83' lang='lat' dir='ltr'>omnia,</span> <span class='ocrx_word' id='word_1_175' title='bbox 473 1580 583 1619; x_wconf 88' lang='lat' dir='ltr'>quae</span> <span class='ocrx_word' id='word_1_176' title='bbox 614 1565 668 1606; x_wconf 89' lang='lat' dir='ltr'>ad</span> <span class='ocrx_word' id='word_1_177' title='bbox 702 1566 1032 1621; x_wconf 79' lang='lat' dir='ltr'>magistratuum</span> <span class='ocrx_word' id='word_1_178' title='bbox 1064 1566 1229 1606; x_wconf 81' lang='lat' dir='ltr'>cultum</span> <span class='ocrx_word' id='word_1_179' title='bbox 1259 1573 1303 1607; x_wconf 87' lang='lat' dir='ltr'>et</span> <span class='ocrx_word' id='word_1_180' title='bbox 1334 1565 1620 1606; x_wconf 88' lang='lat' dir='ltr'>eruditionem</span> 
     </span>
     <span class='ocr_line' id='line_1_26' title="bbox 271 1622 1620 1677; baseline -0.001 -14"><span class='ocrx_word' id='word_1_181' title='bbox 271 1622 388 1677; x_wconf 83' lang='lat' dir='ltr'>apud</span> <span class='ocrx_word' id='word_1_182' title='bbox 423 1623 592 1677; x_wconf 80' lang='lat' dir='ltr'>Legum</span> <span class='ocrx_word' id='word_1_183' title='bbox 625 1622 879 1677; x_wconf 81' lang='lat' dir='ltr'>scriptorem</span> <span class='ocrx_word' id='word_1_184' title='bbox 914 1623 1207 1675; x_wconf 84' lang='lat' dir='ltr'>requiruntur,</span> <span class='ocrx_word' id='word_1_185' title='bbox 1241 1629 1404 1663; x_wconf 84' lang='lat' dir='ltr'>tantum</span> <span class='ocrx_word' id='word_1_186' title='bbox 1438 1637 1523 1662; x_wconf 91' lang='lat' dir='ltr'>non</span> <span class='ocrx_word' id='word_1_187' title='bbox 1546 1636 1620 1662; x_wconf 89' lang='lat' dir='ltr'>ne-</span> 
     </span>
     <span class='ocr_line' id='line_1_27' title="bbox 273 1677 1619 1735; baseline 0 -17"><span class='ocrx_word' id='word_1_188' title='bbox 273 1679 408 1735; x_wconf 86' lang='lat' dir='ltr'>glexit</span> <span class='ocrx_word' id='word_1_189' title='bbox 439 1686 513 1718; x_wconf 89' lang='lat' dir='ltr'>aut</span> <span class='ocrx_word' id='word_1_190' title='bbox 542 1677 699 1719; x_wconf 89' lang='lat' dir='ltr'>callido</span> <span class='ocrx_word' id='word_1_191' title='bbox 732 1678 916 1719; x_wconf 86' lang='lat' dir='ltr'>consilio</span> <span class='ocrx_word' id='word_1_192' title='bbox 940 1678 1112 1719; x_wconf 84' lang='lat' dir='ltr'>silentio</span> <span class='ocrx_word' id='word_1_193' title='bbox 1131 1679 1382 1720; x_wconf 77' lang='lat' dir='ltr'>transmisit.</span> <span class='ocrx_word' id='word_1_194' title='bbox 1446 1678 1511 1718; x_wconf 80' lang='lat' dir='ltr'>Ex</span> <span class='ocrx_word' id='word_1_195' title='bbox 1533 1693 1619 1732; x_wconf 89' lang='lat' dir='ltr'>quo</span> 
     </span>
     <span class='ocr_line' id='line_1_28' title="bbox 274 1734 1620 1789; baseline -0.001 -13"><span class='ocrx_word' id='word_1_196' title='bbox 274 1734 597 1776; x_wconf 86' lang='lat' dir='ltr'>evidentissime</span> <span class='ocrx_word' id='word_1_197' title='bbox 627 1735 826 1789; x_wconf 86' lang='lat' dir='ltr'>profecto</span> <span class='ocrx_word' id='word_1_198' title='bbox 858 1748 1067 1788; x_wconf 85' lang='lat' dir='ltr'>apparere</span> <span class='ocrx_word' id='word_1_199' title='bbox 1099 1735 1369 1787; x_wconf 75' lang='lat' dir='ltr'>arbitramur,</span> <span class='ocrx_word' id='word_1_200' title='bbox 1402 1736 1530 1776; x_wconf 86' lang='lat' dir='ltr'>etiam</span> <span class='ocrx_word' id='word_1_201' title='bbox 1553 1749 1620 1775; x_wconf 86' lang='lat' dir='ltr'>ar-</span> 
     </span>
     <span class='ocr_line' id='line_1_29' title="bbox 271 1790 1619 1847; baseline -0.001 -15"><span class='ocrx_word' id='word_1_202' title='bbox 271 1798 523 1847; x_wconf 84' lang='lat' dir='ltr'>gumentum</span> <span class='ocrx_word' id='word_1_203' title='bbox 563 1791 706 1846; x_wconf 89' lang='lat' dir='ltr'>operis</span> <span class='ocrx_word' id='word_1_204' title='bbox 751 1790 1000 1846; x_wconf 83' lang='lat' dir='ltr'>primarium</span> <span class='ocrx_word' id='word_1_205' title='bbox 1039 1790 1127 1832; x_wconf 83' lang='lat' dir='ltr'>tale</span> <span class='ocrx_word' id='word_1_206' title='bbox 1168 1806 1286 1843; x_wconf 88' lang='lat' dir='ltr'>esse,</span> <span class='ocrx_word' id='word_1_207' title='bbox 1331 1790 1444 1833; x_wconf 89' lang='lat' dir='ltr'>unde</span> <span class='ocrx_word' id='word_1_208' title='bbox 1484 1798 1619 1832; x_wconf 87' lang='lat' dir='ltr'>totam</span> 
     </span>
     <span class='ocr_line' id='line_1_30' title="bbox 271 1846 1620 1903; baseline 0.001 -16"><span class='ocrx_word' id='word_1_209' title='bbox 271 1848 554 1902; x_wconf 80' lang='lat' dir='ltr'>scriptionem</span> <span class='ocrx_word' id='word_1_210' title='bbox 586 1847 704 1888; x_wconf 90' lang='lat' dir='ltr'>nullo</span> <span class='ocrx_word' id='word_1_211' title='bbox 736 1853 863 1900; x_wconf 86' lang='lat' dir='ltr'>pacto</span> <span class='ocrx_word' id='word_1_212' title='bbox 896 1863 919 1886; x_wconf 87' lang='lat' dir='ltr'>a</span> <span class='ocrx_word' id='word_1_213' title='bbox 954 1846 1133 1889; x_wconf 87' lang='lat' dir='ltr'>Platone</span> <span class='ocrx_word' id='word_1_214' title='bbox 1167 1849 1407 1903; x_wconf 87' lang='lat' dir='ltr'>profectam</span> <span class='ocrx_word' id='word_1_215' title='bbox 1427 1862 1523 1889; x_wconf 85' lang='lat' dir='ltr'>esse</span> <span class='ocrx_word' id='word_1_216' title='bbox 1550 1863 1620 1889; x_wconf 86' lang='lat' dir='ltr'>ve-</span> 
     </span>
     <span class='ocr_line' id='line_1_31' title="bbox 273 1903 1619 1959; baseline 0.001 -15"><span class='ocrx_word' id='word_1_217' title='bbox 273 1905 436 1946; x_wconf 84' lang='lat' dir='ltr'>rissime</span> <span class='ocrx_word' id='word_1_218' title='bbox 470 1904 614 1959; x_wconf 84' lang='lat' dir='ltr'>colligi</span> <span class='ocrx_word' id='word_1_219' title='bbox 657 1904 795 1945; x_wconf 84' lang='lat' dir='ltr'>liccat.</span> <span class='ocrx_word' id='word_1_220' title='bbox 868 1903 1103 1945; x_wconf 82' lang='lat' dir='ltr'>Enimvero</span> <span class='ocrx_word' id='word_1_221' title='bbox 1145 1904 1291 1958; x_wconf 86' lang='lat' dir='ltr'>prodit</span> <span class='ocrx_word' id='word_1_222' title='bbox 1331 1904 1437 1945; x_wconf 88' lang='lat' dir='ltr'>illud</span> <span class='ocrx_word' id='word_1_223' title='bbox 1478 1905 1619 1959; x_wconf 90' lang='lat' dir='ltr'>potius</span> 
     </span>
     <span class='ocr_line' id='line_1_32' title="bbox 271 1959 1619 2016; baseline -0.001 -14"><span class='ocrx_word' id='word_1_224' title='bbox 271 1960 494 2016; x_wconf 82' lang='lat' dir='ltr'>ingenium</span> <span class='ocrx_word' id='word_1_225' title='bbox 526 1959 713 2001; x_wconf 88' lang='lat' dir='ltr'>hominis</span> <span class='ocrx_word' id='word_1_226' title='bbox 743 1960 786 2000; x_wconf 91' lang='lat' dir='ltr'>in</span> <span class='ocrx_word' id='word_1_227' title='bbox 819 1959 1165 2015; x_wconf 77' lang='lat' dir='ltr'>philosophando</span> <span class='ocrx_word' id='word_1_228' title='bbox 1195 1976 1346 2016; x_wconf 89' lang='lat' dir='ltr'>parum</span> <span class='ocrx_word' id='word_1_229' title='bbox 1379 1962 1619 2013; x_wconf 80' lang='lat' dir='ltr'>exorcitati,</span> 
     </span>
     <span class='ocr_line' id='line_1_33' title="bbox 275 2015 1619 2072; baseline 0 -14"><span class='ocrx_word' id='word_1_230' title='bbox 275 2019 347 2072; x_wconf 91' lang='lat' dir='ltr'>qui</span> <span class='ocrx_word' id='word_1_231' title='bbox 380 2032 511 2071; x_wconf 88' lang='lat' dir='ltr'>quum</span> <span class='ocrx_word' id='word_1_232' title='bbox 553 2015 728 2058; x_wconf 79' lang='lat' dir='ltr'>deditus</span> <span class='ocrx_word' id='word_1_233' title='bbox 769 2024 886 2058; x_wconf 77' lang='lat' dir='ltr'>esset</span> <span class='ocrx_word' id='word_1_234' title='bbox 927 2016 1082 2057; x_wconf 80' lang='lat' dir='ltr'>studiis</span> <span class='ocrx_word' id='word_1_235' title='bbox 1124 2018 1464 2070; x_wconf 75' lang='lat' dir='ltr'>mathematicis,</span> <span class='ocrx_word' id='word_1_236' title='bbox 1510 2033 1619 2072; x_wconf 87' lang='lat' dir='ltr'>quae</span> 
     </span>
     <span class='ocr_line' id='line_1_34' title="bbox 273 2072 1619 2127; baseline -0.001 -12"><span class='ocrx_word' id='word_1_237' title='bbox 273 2074 328 2115; x_wconf 83' lang='lat' dir='ltr'>ad</span> <span class='ocrx_word' id='word_1_238' title='bbox 365 2089 512 2116; x_wconf 87' lang='lat' dir='ltr'>eorum</span> <span class='ocrx_word' id='word_1_239' title='bbox 547 2072 809 2126; x_wconf 80' lang='lat' dir='ltr'>dignitatem</span> <span class='ocrx_word' id='word_1_240' title='bbox 853 2088 902 2113; x_wconf 86' lang='lat' dir='ltr'>ac</span> <span class='ocrx_word' id='word_1_241' title='bbox 945 2075 1252 2127; x_wconf 85' lang='lat' dir='ltr'>praestantiam</span> <span class='ocrx_word' id='word_1_242' title='bbox 1296 2075 1512 2126; x_wconf 82' lang='lat' dir='ltr'>valerent,</span> <span class='ocrx_word' id='word_1_243' title='bbox 1567 2089 1619 2114; x_wconf 88' lang='lat' dir='ltr'>ex</span> 
     </span>
     <span class='ocr_line' id='line_1_35' title="bbox 274 2128 1620 2187; baseline -0.001 -16"><span class='ocrx_word' id='word_1_244' title='bbox 274 2128 553 2187; x_wconf 85' lang='lat' dir='ltr'>philosophia</span> <span class='ocrx_word' id='word_1_245' title='bbox 593 2129 786 2169; x_wconf 90' lang='lat' dir='ltr'>Platonis</span> <span class='ocrx_word' id='word_1_246' title='bbox 826 2129 887 2169; x_wconf 89' lang='lat' dir='ltr'>ita</span> <span class='ocrx_word' id='word_1_247' title='bbox 930 2128 1181 2184; x_wconf 85' lang='lat' dir='ltr'>depromere</span> <span class='ocrx_word' id='word_1_248' title='bbox 1220 2138 1403 2172; x_wconf 86' lang='lat' dir='ltr'>conatus</span> <span class='ocrx_word' id='word_1_249' title='bbox 1443 2136 1529 2183; x_wconf 88' lang='lat' dir='ltr'>est,</span> <span class='ocrx_word' id='word_1_250' title='bbox 1572 2138 1620 2171; x_wconf 88' lang='lat' dir='ltr'>ut</span> 
     </span>
     <span class='ocr_line' id='line_1_36' title="bbox 271 2185 1617 2241; baseline -0.001 -13"><span class='ocrx_word' id='word_1_251' title='bbox 271 2187 396 2229; x_wconf 85' lang='lat' dir='ltr'>simul</span> <span class='ocrx_word' id='word_1_252' title='bbox 430 2199 540 2241; x_wconf 86' lang='lat' dir='ltr'>opus</span> <span class='ocrx_word' id='word_1_253' title='bbox 572 2185 768 2241; x_wconf 84' lang='lat' dir='ltr'>Legum,</span> <span class='ocrx_word' id='word_1_254' title='bbox 805 2191 852 2225; x_wconf 87' lang='lat' dir='ltr'>ut</span> <span class='ocrx_word' id='word_1_255' title='bbox 892 2185 960 2226; x_wconf 83' lang='lat' dir='ltr'>cui</span> <span class='ocrx_word' id='word_1_256' title='bbox 1003 2186 1172 2227; x_wconf 88' lang='lat' dir='ltr'>scilicet</span> <span class='ocrx_word' id='word_1_257' title='bbox 1210 2188 1307 2228; x_wconf 84' lang='lat' dir='ltr'>talis</span> <span class='ocrx_word' id='word_1_258' title='bbox 1340 2186 1500 2227; x_wconf 86' lang='lat' dir='ltr'>corolla</span> <span class='ocrx_word' id='word_1_259' title='bbox 1544 2185 1617 2227; x_wconf 90' lang='lat' dir='ltr'>de-</span> 
     </span>
     <span class='ocr_line' id='line_1_37' title="bbox 273 2240 1616 2297; baseline -0.001 -12"><span class='ocrx_word' id='word_1_260' title='bbox 273 2250 413 2294; x_wconf 87' lang='lat' dir='ltr'>esset,</span> <span class='ocrx_word' id='word_1_261' title='bbox 447 2241 672 2283; x_wconf 88' lang='lat' dir='ltr'>absolvere</span> <span class='ocrx_word' id='word_1_262' title='bbox 704 2249 746 2282; x_wconf 87' lang='lat' dir='ltr'>et</span> <span class='ocrx_word' id='word_1_263' title='bbox 776 2240 828 2281; x_wconf 85' lang='lat' dir='ltr'>ad</span> <span class='ocrx_word' id='word_1_264' title='bbox 862 2242 1021 2282; x_wconf 85' lang='lat' dir='ltr'>exitum</span> <span class='ocrx_word' id='word_1_265' title='bbox 1054 2242 1293 2297; x_wconf 84' lang='lat' dir='ltr'>perducere</span> <span class='ocrx_word' id='word_1_266' title='bbox 1325 2243 1532 2284; x_wconf 79' lang='lat' dir='ltr'>studeret.</span> <span class='ocrx_word' id='word_1_267' title='bbox 1564 2242 1616 2284; x_wconf 92' lang='lat' dir='ltr'>In</span> 
     </span>
     <span class='ocr_line' id='line_1_38' title="bbox 273 2297 1618 2355; baseline -0.001 -14"><span class='ocrx_word' id='word_1_268' title='bbox 273 2314 359 2355; x_wconf 87' lang='lat' dir='ltr'>quo</span> <span class='ocrx_word' id='word_1_269' title='bbox 390 2306 533 2340; x_wconf 84' lang='lat' dir='ltr'>tamen</span> <span class='ocrx_word' id='word_1_270' title='bbox 566 2298 652 2338; x_wconf 88' lang='lat' dir='ltr'>ruit</span> <span class='ocrx_word' id='word_1_271' title='bbox 683 2297 879 2352; x_wconf 85' lang='lat' dir='ltr'>profecto</span> <span class='ocrx_word' id='word_1_272' title='bbox 910 2298 1158 2339; x_wconf 86' lang='lat' dir='ltr'>miserrime.</span> <span class='ocrx_word' id='word_1_273' title='bbox 1228 2299 1340 2340; x_wconf 87' lang='lat' dir='ltr'>Nam</span> <span class='ocrx_word' id='word_1_274' title='bbox 1373 2315 1504 2354; x_wconf 91' lang='lat' dir='ltr'>quum</span> <span class='ocrx_word' id='word_1_275' title='bbox 1538 2298 1618 2341; x_wconf 88' lang='lat' dir='ltr'>isto</span> 
     </span>
     <span class='ocr_line' id='line_1_39' title="bbox 271 2353 1617 2409; baseline -0.001 -11"><span class='ocrx_word' id='word_1_276' title='bbox 271 2356 400 2398; x_wconf 91' lang='lat' dir='ltr'>modo</span> <span class='ocrx_word' id='word_1_277' title='bbox 448 2354 701 2409; x_wconf 85' lang='lat' dir='ltr'>disciplinas</span> <span class='ocrx_word' id='word_1_278' title='bbox 752 2353 1076 2395; x_wconf 71' lang='lat' dir='ltr'>mathematicas</span> <span class='ocrx_word' id='word_1_279' title='bbox 1130 2355 1387 2398; x_wconf 83' lang='lat' dir='ltr'>illustriores</span> <span class='ocrx_word' id='word_1_280' title='bbox 1437 2355 1617 2397; x_wconf 84' lang='lat' dir='ltr'>reddere</span> 
     </span>
     <span class='ocr_line' id='line_1_40' title="bbox 272 2410 1615 2468; baseline -0.001 -14"><span class='ocrx_word' id='word_1_281' title='bbox 272 2427 350 2468; x_wconf 88' lang='lat' dir='ltr'>per</span> <span class='ocrx_word' id='word_1_282' title='bbox 389 2410 688 2467; x_wconf 83' lang='lat' dir='ltr'>philosophiae</span> <span class='ocrx_word' id='word_1_283' title='bbox 728 2410 977 2451; x_wconf 83' lang='lat' dir='ltr'>Platonicae</span> <span class='ocrx_word' id='word_1_284' title='bbox 1019 2426 1122 2466; x_wconf 86' lang='lat' dir='ltr'>opes</span> <span class='ocrx_word' id='word_1_285' title='bbox 1165 2420 1348 2454; x_wconf 85' lang='lat' dir='ltr'>conatus</span> <span class='ocrx_word' id='word_1_286' title='bbox 1394 2413 1472 2465; x_wconf 89' lang='lat' dir='ltr'>sit,</span> <span class='ocrx_word' id='word_1_287' title='bbox 1527 2419 1615 2453; x_wconf 89' lang='lat' dir='ltr'>tum</span> 
     </span>
     <span class='ocr_line' id='line_1_41' title="bbox 273 2467 1614 2522; baseline 0 -13"><span class='ocrx_word' id='word_1_288' title='bbox 273 2469 326 2510; x_wconf 87' lang='lat' dir='ltr'>ab</span> <span class='ocrx_word' id='word_1_289' title='bbox 358 2468 438 2509; x_wconf 89' lang='lat' dir='ltr'>hac</span> <span class='ocrx_word' id='word_1_290' title='bbox 469 2467 565 2522; x_wconf 88' lang='lat' dir='ltr'>ipsa</span> <span class='ocrx_word' id='word_1_291' title='bbox 606 2467 759 2508; x_wconf 85' lang='lat' dir='ltr'>malam</span> <span class='ocrx_word' id='word_1_292' title='bbox 793 2481 896 2507; x_wconf 83' lang='lat' dir='ltr'>sanc</span> <span class='ocrx_word' id='word_1_293' title='bbox 939 2467 1035 2507; x_wconf 90' lang='lat' dir='ltr'>iniit</span> <span class='ocrx_word' id='word_1_294' title='bbox 1073 2469 1280 2521; x_wconf 80' lang='lat' dir='ltr'>gratiam,</span> <span class='ocrx_word' id='word_1_295' title='bbox 1322 2471 1445 2510; x_wconf 86' lang='lat' dir='ltr'>cuius</span> <span class='ocrx_word' id='word_1_296' title='bbox 1488 2469 1614 2509; x_wconf 89' lang='lat' dir='ltr'>ratio-</span> 
     </span>
     <span class='ocr_line' id='line_1_42' title="bbox 271 2523 1616 2579; baseline 0 -14"><span class='ocrx_word' id='word_1_297' title='bbox 271 2539 369 2566; x_wconf 88' lang='lat' dir='ltr'>nem</span> <span class='ocrx_word' id='word_1_298' title='bbox 400 2523 649 2577; x_wconf 88' lang='lat' dir='ltr'>turpissime</span> <span class='ocrx_word' id='word_1_299' title='bbox 679 2523 872 2578; x_wconf 87' lang='lat' dir='ltr'>corrupit</span> <span class='ocrx_word' id='word_1_300' title='bbox 902 2538 951 2565; x_wconf 84' lang='lat' dir='ltr'>ac</span> <span class='ocrx_word' id='word_1_301' title='bbox 984 2523 1253 2578; x_wconf 82' lang='lat' dir='ltr'>depravavit,</span> <span class='ocrx_word' id='word_1_302' title='bbox 1287 2525 1482 2579; x_wconf 83' lang='lat' dir='ltr'>adeoque</span> <span class='ocrx_word' id='word_1_303' title='bbox 1513 2539 1616 2566; x_wconf 86' lang='lat' dir='ltr'>snae</span> 
     </span>
     <span class='ocr_line' id='line_1_43' title="bbox 273 2579 1614 2635; baseline 0 -14"><span class='ocrx_word' id='word_1_304' title='bbox 273 2581 410 2635; x_wconf 88' lang='lat' dir='ltr'>ipsius</span> <span class='ocrx_word' id='word_1_305' title='bbox 443 2579 637 2620; x_wconf 85' lang='lat' dir='ltr'>inscitiae</span> <span class='ocrx_word' id='word_1_306' title='bbox 669 2585 711 2620; x_wconf 88' lang='lat' dir='ltr'>et</span> <span class='ocrx_word' id='word_1_307' title='bbox 744 2579 920 2621; x_wconf 84' lang='lat' dir='ltr'>inertiae</span> <span class='ocrx_word' id='word_1_308' title='bbox 952 2579 1285 2623; x_wconf 78' lang='lat' dir='ltr'>illustrissimum</span> <span class='ocrx_word' id='word_1_309' title='bbox 1310 2581 1614 2623; x_wconf 87' lang='lat' dir='ltr'>documentum</span> 
     </span>
     <span class='ocr_line' id='line_1_44' title="bbox 272 2636 1615 2691; baseline 0 -13"><span class='ocrx_word' id='word_1_310' title='bbox 272 2636 327 2678; x_wconf 85' lang='lat' dir='ltr'>ad</span> <span class='ocrx_word' id='word_1_311' title='bbox 358 2650 524 2677; x_wconf 90' lang='lat' dir='ltr'>omnem</span> <span class='ocrx_word' id='word_1_312' title='bbox 557 2636 822 2690; x_wconf 85' lang='lat' dir='ltr'>posteritatis</span> <span class='ocrx_word' id='word_1_313' title='bbox 846 2636 1090 2677; x_wconf 84' lang='lat' dir='ltr'>memoriam</span> <span class='ocrx_word' id='word_1_314' title='bbox 1115 2637 1320 2691; x_wconf 87' lang='lat' dir='ltr'>prodidit.</span> <span class='ocrx_word' id='word_1_315' title='bbox 1387 2638 1615 2678; x_wconf 79' lang='lat' dir='ltr'>Enimvero</span> 
     </span>
     <span class='ocr_line' id='line_1_45' title="bbox 273 2691 1614 2750; baseline 0.001 -18"><span class='ocrx_word' id='word_1_316' title='bbox 273 2698 529 2735; x_wconf 81' lang='lat' dir='ltr'>oceoecatus</span> <span class='ocrx_word' id='word_1_317' title='bbox 562 2698 627 2732; x_wconf 84' lang='lat' dir='ltr'>est</span> <span class='ocrx_word' id='word_1_318' title='bbox 658 2691 802 2744; x_wconf 88' lang='lat' dir='ltr'>homo,</span> <span class='ocrx_word' id='word_1_319' title='bbox 835 2699 880 2732; x_wconf 91' lang='lat' dir='ltr'>ut</span> <span class='ocrx_word' id='word_1_320' title='bbox 915 2691 1096 2739; x_wconf 76' lang='lat' dir='ltr'>videtur,</span> <span class='ocrx_word' id='word_1_321' title='bbox 1131 2694 1338 2750; x_wconf 84' lang='lat' dir='ltr'>imprimis</span> <span class='ocrx_word' id='word_1_322' title='bbox 1370 2695 1497 2735; x_wconf 83' lang='lat' dir='ltr'>etiam</span> <span class='ocrx_word' id='word_1_323' title='bbox 1520 2694 1614 2735; x_wconf 80' lang='lat' dir='ltr'>loeo</span> 
     </span>
    </p>
   </div>
  </div>
 </body>
</html>
