1781 2971
242 659 324 701 926

356 130 437 171 288
846 130 1143 175 PLATON
1160 131 1224 175 IS

356 244 408 297 δὴ
440 247 577 299 μηδὲν
613 247 861 300 φροντίζειν
896 246 995 303 τάχ’
1037 245 1098 290 ἂν
1135 246 1158 291 ὁ
1192 250 1445 302 νομοθέτης
1473 246 1606 300 δόξειέ
1643 264 1705 290 τι·

356 327 446 362 σιν,
481 310 561 354 οὐκ
598 309 753 366 ὀρθῶς
795 315 972 356 δοκοῦν.
1008 320 1111 357 ἔστω
1149 319 1300 358 τοίνυν
1335 320 1560 369 εἰρημένον
1596 312 1704 371 ὑπὲρ

357 395 400 421 τε
438 380 696 433 νομοθέτου
733 381 806 421 καὶ
843 379 952 435 ὑπὲρ
990 385 1382 436 νομοθετουμένου
1416 381 1569 436 σχεδὸν
1605 379 1705 424 οἷον

355 443 507 488 κοινὸν
540 448 793 502 προοίμιον,
830 446 1090 501 συγγνώμην
1120 451 1200 502 μὲν
1235 450 1295 502 τῷ
1332 450 1562 507 νομοθέτῃ
1599 446 1706 497 τοὺς

355 516 721 588 ἐπιταττομένους
756 511 966 590 δεομένου
1002 518 1134 570 ἔχειν,
1179 512 1249 557 ὅτι
1297 516 1385 557 τῶν
1420 516 1581 557 κοινῶν
1615 519 1706 557 ἑπι-

353 578 624 633 μελουμενος
671 577 751 621 οὐκ
796 576 855 622 ἄν
903 596 1008 623 ποτε
1057 579 1236 624 δύναιτο
1284 583 1462 624 διοικεῖν
1500 578 1596 635 ἅιια
1634 582 1706 623 καὶ

356 662 435 696 τας
483 648 597 695 ἰδίας
641 644 809 699 ἑκάστῳ
855 652 1115 701 γιγνομένας
1149 647 1403 707 ξυμφορᾶς,
1449 645 1706 700 ξυγγνωμην

354 711 396 756 δ’
449 706 507 755 αὗ
552 713 623 755 καὶ
677 720 770 762 τοῖς
808 716 1234 768 νομοθετουμένοις,
1269 713 1326 765 ὡς
1360 712 1416 756 τὰ
1456 717 1533 757 τοῦ
1571 731 1707 768 νομο-

355 781 609 830 θετοῦντος
654 778 831 829 εὶκότως
865 784 1002 823 ἐνίοτε
1037 780 1090 824 οὐ
1127 781 1344 824 δύνανται
1380 779 1705 838 προςτοὶγματα

354 849 515 896 τελεῖν,
548 844 577 888 ἃ
613 844 673 901 μὴ
717 846 968 898 γιγνώσκων
1006 847 1282 902 προςτάττει.

460 914 562 957 ΚΛ.
638 915 690 955 Τι’
724 913 777 965 δή
803 929 867 964 τις
905 907 1000 965 οὖν,
1033 909 1064 956 ὦ
1104 914 1205 966 ξένε,
1242 916 1358 972 δρῶν
1394 911 1505 970 πρὸς
1529 911 1585 955 τὰ
1612 929 1706 956 τοι·

353 981 469 1024 αῦτα
506 977 830 1035 ἕμμετρότατος
865 977 923 1023 ἂν
961 981 1053 1033 εἴης

455 1047 557 1091 ΑΘ.
626 1045 888 1099 Διαιτητάς,
924 1040 956 1089 ὦ
993 1049 1204 1100 Κλεινία,
1241 1055 1334 1097 τοῖς
1372 1044 1594 1096 τοιούτοις
1630 1044 1705 1089 νό-

353 1132 452 1170 μοις
486 1115 560 1157 καὶ
596 1116 1003 1168 νομοθετουμένοις
1034 1113 1284 1169 ἀναγκαῖον
1326 1115 1569 1171 αἱρεῖσθαι.

458 1181 560 1225 ΚΛ.
636 1182 740 1232 Πῶς
775 1183 931 1238 Mysus-3

449 1310 541 1350 τάχ’
569 1309 616 1341 ἄν
643 1309 659 1339 ιῗ
688 1312 960 1353 νομοθέτης]
996 1309 1131 1347 duom.
1165 1311 1199 1341 A.

448 1354 682 1398 ξιμφοριίς,
717 1356 989 1400 ξυγγνώμην]
1025 1357 1084 1389 Sic
1112 1358 1149 1388 A.
1180 1353 1217 1390 Ω.
1246 1366 1274 1387 v.

353 1406 470 1482 ung-P
470 1415 575 1443 οιιμφ.
605 1407 638 1434 et
663 1415 780 1443 σιγγν,

1304 1356 1325 1391 f,
1355 1367 1381 1388 r.
1409 1368 1440 1388 a.
1468 1368 1496 1389 c.
1524 1359 1554 1390 δ.
1582 1369 1611 1391 ο.
1638 1367 1701 1399 pro

476 1448 588 1483 .926.

637 1446 887 1490 ycyzw'oumv
921 1445 1196 1489 προςτᾰττει]
1235 1446 1370 1490 πράττει
1398 1449 1434 1482 Ξ.
1463 1459 1494 1479 v.
1520 1449 1542 1480 f.
1568 1459 1595 1483 r.
1619 1459 1649 1481 a.
1676 1459 1704 1483 e.

353 1495 381 1527 δ.
411 1507 439 1528 ο.
464 1506 497 1528 x.
525 1499 558 1526 et
582 1505 635 1536 pr.
662 1495 706 1527 A.
737 1491 776 1528 Ω
803 1505 880 1526 oum
904 1495 986 1527 Ald.
1015 1493 1117 1525 Bass.
1143 1494 1233 1528 Lov

445 1538 756 1581 ἐμμετρότατος
780 1537 828 1571 ἂν
851 1540 935 1581 εἰη]
963 1538 1222 1581 ἐμμετρώτατος,
1248 1545 1286 1570 ut
1310 1539 1516 1582 Schneider,
1547 1538 1584 1572 Ω.
1607 1540 1645 1574 Ξ.
1672 1545 1705 1572 et

353 1599 403 1630 pr.
431 1590 475 1620 A.
511 1588 605 1628 apud
637 1586 853 1625 Bekkerum3
887 1587 948 1618 sed
984 1586 1128 1618 Bastius
1165 1586 1306 1627 quidem
1339 1586 1382 1617 de
1408 1587 1450 1617 A.
1479 1592 1512 1618 et
1541 1585 1578 1618 Ω.
1616 1587 1703 1618 nihil

353 1705 394 1732 et
419 1699 614 1740 quemvis
646 1699 779 1730 malle
806 1696 995 1738 quodvis

353 1746 449 1787 pati
479 1744 618 1787 (quam
648 1745 740 1776 tale
772 1744 884 1776 inire
916 1753 994 1774 ma-

352 1790 643 1831 trimonium),
695 1789 867 1831 quando
926 1789 994 1820 vel

352 1836 568 1878 corporis
603 1836 762 1868 morbis
799 1840 838 1867 ot
875 1834 992 1867 debi-

353 1883 562 1915 litatibus
588 1882 653 1914 vel
682 1881 838 1913 mentis
864 1882 994 1913 imbe-

353 1929 552 1961 cillitate
579 1932 621 1960 et
651 1927 802 1959 morbo
832 1926 993 1959 affecti

351 1975 438 2007 sint
473 1974 519 2013 ii,
553 1973 624 2014 qui
659 1973 898 2005 iubeantur
925 1972 993 2004 vel

351 2030 533 2053 uxorem
570 2019 730 2051 ducere
766 2020 830 2050 vel
866 2019 994 2050 nube-

352 2077 408 2099 re.
474 2066 529 2097 De
571 2066 725 2106 γίγνηται
769 2067 852 2104 post
891 2061 994 2103 νοσή-

350 2124 447 2154 ματα
480 2109 536 2142 καὶ
566 2109 730 2153 πηρώσεις
763 2110 858 2142 illato
891 2121 922 2141 v.
950 2108 993 2140 ad

351 2158 473 2199 Symp.
492 2168 525 2199 p.
542 2155 619 2190 188.
649 2155 688 2188 B.
708 2154 787 2190 190.
815 2155 854 2187 C.
882 2154 994 2187 Phae-

351 2203 434 2236 don.
461 2213 493 2245 p.
520 2202 576 2237 62.
606 2202 644 2233 Ι).

397 2269 476 2302 ov'u
499 2268 645 2313 ὀρθῶς
670 2267 846 2311 δοκοῦν]
873 2279 994 2309 quum

352 2327 434 2348 non
465 2320 590 2351 recte
621 2316 682 2348 ita
711 2314 936 2354 videntum
961 2325 993 2346 v.

353 2362 571 2395 Matthiae
596 2362 658 2394 Gr.
685 2361 716 2402 ξ.
742 2359 820 2396 564.

397 2428 608 2471 δεόμενον
641 2430 778 2472 ἔχειν]
816 2439 992 2470 rogans,

351 2482 395 2508 ut
420 2478 587 2508 veniam
614 2476 713 2508 dent
739 2477 995 2518 legumlato-

353 2523 407 2561 τί,
442 2522 540 2562 quia
575 2532 717 2554 rerum
758 2521 994 2554 communi-

354 2577 415 2600 um
444 2577 603 2608 gorens
629 2577 770 2600 curum
797 2578 874 2600 non
901 2577 994 2608 pos-

353 2614 410 2645 uit
449 2614 580 2646 simul
621 2614 755 2646 etlam
798 2614 994 2656 privatas

353 2659 509 2700 cuique
536 2659 735 2692 fortunas
768 2669 930 2701 regere
955 2662 995 2691 et

352 2704 687 2747 administrare&
713 2715 762 2738 ac
787 2705 992 2738 vicissim

1063 1696 1143 1729 ille
1171 1697 1414 1739 (legumlator)
1442 1699 1605 1731 veniam
1633 1699 1704 1732 det

1063 1741 1136 1782 iis,
1170 1745 1324 1784 quibes
1352 1745 1477 1784 legus
1503 1744 1702 1778 scriban-

1063 1793 1151 1828 tur,
1187 1790 1348 1831 ¹quippe
1383 1799 1506 1830 quum
1545 1790 1702 1832 legum-

1064 1832 1224 1866 latoris
1256 1837 1398 1875 iussa,
1437 1841 1481 1867 ut
1520 1845 1702 1869 consen-

1064 1884 1234 1912 taneum
1277 1884 1359 1917 est,
1409 1891 1488 1914 non
1528 1883 1703 1922 possint

1064 1925 1308 1967 perficere,
1358 1937 1465 1967 quae
1514 1928 1591 1961 ille
1638 1938 1701 1961 re·

1063 1981 1154 2003 rum
1181 1972 1364 2013 ignarus
1391 1972 1578 2005 dederit.

1110 2039 1149 2071 P
1173 2040 1252 2074 926.
1304 2041 1517 2073 πλουσίου
1544 2039 1704 2083 πατρὸς

1064 2081 1345 2128 ἀδελφιδοῦς]
1376 2087 1422 2119 H.
1449 2098 1478 2121 e.
1504 2089 1563 2129 qui
1593 2088 1702 2120 divite

1063 2135 1163 2172 patre
1188 2133 1311 2163 utitur.

1109 2199 1150 2231 B.
1197 2198 1435 2239 μαινόμενα
1464 2198 1701 2242 κηδεύματα

1063 2256 1122 2276 αν.
1157 2244 1410 2299 λαμβάνειν]
1457 2257 1579 2289 quum
1621 2248 1701 2280 ille

1061 2287 1103 2330 (ὁ
1139 2291 1357 2333 νομοθέτης)
1400 2293 1536 2334 ipsum
1579 2294 1703 2334 cogit

1062 2338 1336 2371 insanientia
1360 2340 1554 2380 accipere
1577 2349 1701 2371 conu-

1064 2383 1136 2414 bia
1178 2390 1250 2415 aut
1294 2385 1404 2416 alias
1453 2385 1700 2418 horribiles

1065 2439 1296 2470 corporum
1347 2431 1411 2462 vel
1459 2433 1700 2463 animorum

1065 2475 1366 2517 calamitates,
1394 2477 1549 2519 quibus
1582 2476 1699 2509 labo·

1064 2523 1179 2553 ranti
1210 2523 1302 2554 vita
1327 2533 1410 2554 non
1435 2528 1501 2555 est
1533 2523 1697 2555 vitalis.

1065 2568 1246 2600 Audacius
1272 2569 1357 2601 haec
1389 2569 1483 2601 dicta
1493 2573 1590 2621 „sunt
1615 2578 1698 2610 pro:

1065 2617 1210 2653 γυιαῐκα
1246 2613 1454 2655 μαινομένην
1487 2610 1507 2655 ἢ
1540 2633 1580 2637 -
1615 2624 1698 2654 συμ-

1066 2657 1181 2700 φορὰς
1205 2659 1363 2702 ἔχουσαν.
1408 2660 1464 2692 De
1491 2660 1699 2701 loquutione

1067 2705 1214 2738 κτᾶσθαι
1243 2703 1425 2748 ξυμφορᾶς
1450 2717 1482 2738 v.
1508 2705 1698 2740 Elmslei.
