1781 2971
197 992 237 1032 D

275 148 327 187 92
760 143 1126 186 PLATONIS

274 260 364 304 ἀλλ’
405 264 473 304 ἐπὶ
511 259 765 310 πλεονεξίαν
802 263 873 302 καὶ
909 262 1192 317 ἰδιοπραγίαν
1239 257 1262 310 ἡ
1304 257 1452 310 θνητή
1490 259 1622 314 φύσις

274 326 416 371 αὑτὸν
451 325 632 382 ὁρμήσει
666 324 751 376 ἀεί,
786 327 1012 383 φεύγουσα
1048 329 1128 381 μὲν
1159 324 1331 378 α’λόγως
1358 324 1440 376 τὴν
1468 323 1622 375 λύπην,

221 418 227 427 1
276 395 492 436 διώκουσα
529 395 573 434 δὲ
612 392 690 443 τήν
728 389 913 444 ἡδονήν,
963 395 1040 436 τοῦ
1078 395 1123 436 δὲ
1160 395 1433 445 δικαιοτέρου
1469 406 1514 432 τε
1551 394 1622 432 καὶ

274 461 508 514 ἀμείνονος
544 459 823 513 ἐπίπροσθεν
858 457 992 517 ἅμιῙω
1030 460 1169 502 τούτω
1207 457 1516 514 προστήσεται,
1552 460 1622 499 καὶ

274 525 431 576 σκότος
463 524 799 580 ἀπεργαζομένη
836 531 881 567 ὲν
917 524 1028 584 αὐτῇ
1064 523 1245 568 πάντων
1281 526 1426 568 κακῶν
1462 523 1626 577 ἐμπλή-

274 609 339 636 σει
383 591 494 648 πρὸς
539 591 588 635 τὸ
639 594 759 640 τέλος
802 590 946 643 αὑτήν
993 608 1034 634 τε
1080 594 1150 634 καὶ
1199 590 1282 643 τὴν
1327 591 1456 633 πόλιν
1491 588 1623 641 ὅλην·

274 661 364 702 ἐπεὶ
403 661 544 701 ταῦτα
581 659 618 701 εἴ
656 663 760 700 ποτε
797 676 861 709 τις
896 658 1157 714 ἀνθρώπων
1181 659 1311 716 φύσει
1341 654 1492 705 ἱκανὸς
1519 659 1627 710 θείᾳ

275 729 413 782 μοίρᾳ
445 727 679 780 γεννηθεὶς
714 727 990 780 παραλαβεῖν
1027 725 1218 774 δυνατὸς
1255 724 1340 776 εἴη,
1375 722 1525 778 νόμων
1552 721 1627 766 οὐ-

277 795 350 836 δὲν
385 790 443 835 ἄν
480 794 621 835 δέοιτο
657 793 745 833 τῶν
778 791 1008 848 ἀρξόντων
1042 794 1228 835 ἑαυτοῦ.
1271 788 1506 845 ἐπιστήμης
1539 787 1627 844 γὰρ

278 858 378 903 οὔτε
413 858 548 914 νόμος
583 856 684 901 οὕτε
720 858 842 910 ταξις
877 857 1058 913 οὐδεμία
1095 863 1321 914 κρείττων,
1360 856 1463 901 οὐδὲ
1498 859 1629 910 θέμις

279 928 368 970 ἐστι
405 927 513 969 νοῦν
548 924 727 974 οὐδενὸς
763 919 962 977 ὑπήκοον
999 924 1101 968 οὐδὲ
1138 926 1322 974 ὸοῦλον,
1360 922 1477 965 αλλα
1516 923 1629 965 παν-

281 1003 367 1035 των
412 989 608 1046 ἄρχοντα
654 990 789 1041 εἶναι,
839 991 1000 1047 ἐάνπερ
1044 989 1270 1043 ἀληθινὸς
1312 988 1551 1045 ἐλεύθερός
1586 1005 1629 1031 τε

280 1058 419 1109 ὅντως
455 1052 478 1118 ᾖ
517 1075 630 1100 κατα
669 1056 817 1115 φύσιν.
855 1061 936 1101 νῦν
974 1062 1017 1100 δέ
1055 1083 1111 1089 --
1161 1057 1214 1101 οὐ
1263 1057 1347 1111 ῑαρ
1389 1061 1505 1098 ἐστιν
1557 1049 1629 1098 οὗ

282 1127 424 1182 δαμοῦ
464 1125 689 1178 οὐδαμῶς,
724 1124 815 1167 αλλ
860 1123 883 1177 ἢ
920 1125 1034 1168 κατα
1069 1123 1234 1180 βραχυ
1277 1122 1344 1166 διὸ
1382 1121 1434 1176 δὴ
1463 1121 1513 1165 τὸ
1536 1122 1631 1165 δεύ-

285 1210 414 1249 τερον
458 1195 675 1247 αἱρετέον,
724 1192 850 1243 τάξιν
888 1208 930 1232 τε
966 1196 1037 1234 και
1076 1192 1237 1246 νόμον,
1289 1188 1317 1232 ἃ
1365 1189 1417 1242 δὴ
1463 1188 1512 1233 τὸ
1551 1191 1630 1243 μὲν

283 1258 340 1309 ὡς
378 1262 447 1303 ἐπὶ
483 1257 533 1301 τὸ
564 1257 676 1301 πολὺ
713 1257 800 1314 ὁρᾷ
835 1263 907 1300 καὶ
942 1260 1100 1312 βλέπει,
1140 1256 1189 1300 τὸ
1227 1257 1264 1299 δ’
1308 1259 1376 1300 ἐπὶ
1401 1259 1493 1299 πᾶν
1523 1255 1630 1299 άδυ·

284 1335 417 1371 νατεῖ.
478 1327 619 1368 ταῦτα
673 1325 725 1376 δή
773 1326 907 1368 τῶνδε
954 1329 1093 1368 εἵνεκα
1140 1325 1322 1380 εἴρηται.
1380 1324 1462 1366 νῦν
1510 1321 1633 1378 ἡμεῖς

411 1455 524 1490 ..875
548 1455 587 1490 C.
611 1454 911 1499 6'711'171000361
941 1473 973 1477 —
1008 1452 1328 1495 προστήσεται]
1373 1451 1431 1485 Sic
1462 1454 1504 1484 A.
1538 1450 1574 1483 Ω.
1603 1464 1631 1482 v

286 1503 307 1534 f.
335 1456 407 1534 lup
392 1512 418 1533 r.
444 1512 477 1533 a.
503 1512 531 1533 e.
559 1500 587 1533 δ.
616 1513 647 1534 ο.
673 1513 706 1533 Χ.
737 1503 848 1542 Vulgo
876 1498 1078 1542 συστήσεται
1105 1511 1179 1532 cum
1206 1501 1294 1531 Veii.
1326 1500 1364 1532 Ξ.

382 1548 446 1579 καὶ
473 1545 547 1589 τὴν
576 1547 702 1579 πόλιν
729 1545 852 1589 ὅληι]
880 1546 1000 1588 Steph.
1030 1545 1090 1588 τὴν
1114 1548 1269 1588 ignorat.

380 1593 512 1625 ταῦτα
539 1593 585 1635 δὴ
614 1593 752 1625 τῶνδε
776 1595 938 1636 εἰίεκα]
969 1592 1224 1625 eZ’1encziithie
1250 1595 1379 1624 certam
1396 1591 1513 1622 sedem
1531 1589 1633 1621 habet

288 1641 393 1671 etiam
424 1640 521 1672 Libr.
554 1641 620 1672 XI.
646 1651 677 1682 p.
708 1640 790 1674 916.
827 1641 873 1670 A.
924 1640 993 1671 Pro
1022 1636 1063 1680 δή
1106 1636 1144 1669 Ω.
1170 1648 1261 1670 corr.
1297 1636 1333 1668 δὲ
1366 1637 1428 1668 sed
1462 1632 1495 1667 δ
1528 1647 1557 1666 ει
1595 1636 1632 1666 Ξ

289 1684 312 1716 f.
338 1695 364 1716 r.
394 1696 423 1717 e.
452 1696 483 1717 o.
511 1691 545 1716 et
579 1696 670 1718 corr.
696 1696 726 1718 a.
754 1686 809 1717 De
842 1685 953 1716 εἴτε-κα
979 1685 1105 1716 Thom.
1130 1684 1226 1725 Mag.
1253 1694 1287 1725 p.
1315 1683 1392 1717 151.
1421 1683 1486 1714 ed.-
1499 1681 1632 1714 Ritsch.

289 1730 343 1761 καὶ
370 1730 495 1762 ἕνεκα
521 1732 575 1762 καὶ
609 1733 751 1763 εἵνεκα
784 1729 939 1767 Πλάτων,
965 1730 1201 1772 Αημοσθὲτης
1228 1730 1280 1761 καὶ
1308 1729 1344 1760 οἱ
1365 1726 1469 1760 ἄλλοι·
1499 1726 1633 1759 Θουκυ-

288 1774 385 1817 δίδης
406 1775 443 1808 δὲ
472 1772 524 1808 αεὶ
554 1776 691 1813 ἕνεκα,
718 1789 749 1809 v.
774 1777 1011 1809 Bornemann.
1038 1778 1082 1809 ad
1109 1777 1199 1808 Xen.
1229 1776 1358 1817 Cyrop.
1386 1775 1465 1807 Vll.
1493 1775 1526 1815 ῦ,
1552 1774 1608 1808 12.

313 1879 375 1921 ⁹0.
424 1887 696 1931 ἐπίπροσθεν
734 1886 858 1928 ἄμφω
901 1900 926 1920 τ.

290 1933 599 1976 προστήσεται]
633 1935 731 1966 Idem
755 1935 926 1976 estquod

288 1980 372 2012 alibi
409 1981 537 2013 dicitur
585 1980 800 2022 ἐπίπροσθεν
826 1978 925 2022 ποιή-

292 2035 392 2063 σεται,
417 2032 667 2069 anteponet.
704 2027 829 2068 Itaque
854 2037 925 2059 non

290 2077 343 2104 est
369 2074 462 2114 quod
489 2075 566 2113 quis
591 2083 668 2105 eum
693 2073 822 2104 Astio
850 2084 925 2104 ποι-

292 2116 407 2159 ήσεται
446 2119 606 2160 refingat.
643 2136 684 2142 -
734 2116 928 2150 πάντων

293 2164 430 2195 κακῶν
455 2162 674 2206 ἐμπλήσει,
700 2167 837 2198 omnis
863 2175 926 2207 ge-

291 2211 409 2243 neris
435 2211 561 2243 malis
587 2211 789 2252 replebit.

337 2299 426 2332 ἐπεὶ
455 2302 580 2333 ταῦτα
606 2301 768 2333 εἴποτέ
796 2301 928 2343 τις--]

296 2346 483 2388 Perperam
510 2349 609 2380 editt.
626 2357 744 2380 omnes
763 2346 931 2388 post'c'na-

294 2390 356 2425 νὸς
372 2398 405 2425 et
423 2393 604 2435 γεννηθείς
623 2398 793 2426 commate
808 2394 929 2426 distin-

293 2443 414 2480 guunt.
470 2439 608 2482 Quippe
639 2441 816 2472 sententia
847 2440 931 2472 haec

293 2489 361 2516 est:
392 2495 481 2517 nam
508 2488 542 2518 si
569 2487 666 2527 quis
692 2485 930 2528 aliquando

293 2532 538 2563 mortalium
566 2533 717 2564 divina
742 2538 860 2563 sorte
882 2533 931 2564 ad

294 2577 397 2608 haec
439 2582 599 2609 natura
641 2579 826 2610 idoneus
864 2588 931 2610 na-

294 2628 361 2654 tus
388 2632 437 2655 ea
467 2624 580 2663 sati-s
617 2625 765 2666 possit
796 2626 930 2666 perci-

294 2677 412 2710 pere,
453 2669 632 2710 legibus
674 2670 788 2702 nihil
823 2670 930 2702 indi-

295 2714 414 2754 nebit
447 2716 586 2757 ipsum
622 2717 929 2749 moderatoris.

1040 1889 1079 1920 1.).
1109 1889 1185 1920 νῦν
1207 1886 1250 1919 δὲ
1270 1907 1308 1910 -
1326 1884 1374 1919 οὐ
1401 1885 1484 1928 γάρ’
1504 1885 1633 1929 ἐστίν]

996 1936 1151 1976 Apolog.
1178 1934 1276 1967 Socr.
1304 1944 1337 1975 p.
1362 1933 1419 1968 38.
1446 1933 1488 1965 B.
1533 1932 1634 1964 Cete-

995 1991 1070 2012 rum
1104 1981 1226 2012 divina
1258 1980 1344 2011 haec
1371 1978 1531 2011 Platonis
1557 1989 1618 2010 sen

996 2028 1126 2059 tentia:
1160 2023 1344 2067 ἐπιστήμης
1380 2024 1444 2067 γὰρ
1471 2022 1552 2056 οὔτε
1576 2022 1634 2055 νό·

997 2082 1061 2113 μσς
1087 2084 1116 2104 κ.
1146 2084 1171 2104 τ.
1199 2073 1225 2104 λ.
1279 2073 1399 2113 utique
1431 2072 1538 2112 digna
1571 2076 1635 2110 est,

996 2120 1094 2151 cuius
1120 2119 1231 2150 nostri
1257 2119 1362 2149 etiam
1385 2117 1492 2149 hodie
1512 2126 1633 2158 perpe-

997 2170 1056 2196 tuo
1083 2174 1254 2196 memores
1280 2164 1368 2203 sint,
1405 2164 1464 2204 qui
1489 2163 1634 2201 scilicet,

996 2211 1114 2242 nescio
1142 2220 1211 2251 qua
1243 2210 1436 2251 sapientiae
1468 2209 1636 2250 opinione

997 2256 1128 2296 inflati,
1179 2256 1318 2288 iamiam
1360 2255 1426 2287 sibi
1472 2255 1637 2287 videntur

996 2303 1131 2336 coelum
1157 2303 1271 2343 ipsum
1296 2312 1366 2333 non
1393 2301 1505 2334 solum
1541 2305 1635 2342 pete-

998 2359 1035 2381 re
1058 2348 1120 2381 sed
1143 2358 1223 2380 vere
1249 2358 1369 2389 regere
1395 2357 1511 2389 posse,
1536 2347 1634 2379 brevi

999 2405 1062 2427 nee
1084 2395 1285 2436 perpessuri
1311 2394 1432 2426 lovem
1468 2394 1636 2426 iracunda

999 2441 1146 2474 iaculari
1173 2441 1331 2473 fulmina.

1046 2529 1268 2573 βλάψαντα
1306 2532 1450 2572 ἕτερον
1485 2529 1634 2568 maor}

1003 2580 1073 2620 qui
1113 2579 1243 2610 alium
1289 2578 1493 2620 quemdam
1532 2579 1636 2610 alte-

1002 2635 1090 2657 rum
1125 2625 1314 2657 laeserit.
1359 2620 1502 2664 ’Έτερον
1536 2621 1636 2655 ἄλλοι·

1001 2673 1050 2703 ita
1075 2671 1298 2703 coniunctum
1325 2669 1430 2702 habes
1453 2668 1562 2711 Legg.
1584 2669 1637 2702 Vl.

1002 2728 1037 2759 p-
1063 2716 1142 2751 780.
1171 2716 1214 2751 Π.
1265 2715 1333 2748 Met
1368 2713 1406 2748 τὰ
1441 2714 1545 2748 πολλὰ
1576 2716 1640 2747 τῶν
