<?xml version="1.0" encoding="UTF-8"?>
<!DOCTYPE html PUBLIC "-//W3C//DTD XHTML 1.0 Transitional//EN"
    "http://www.w3.org/TR/xhtml1/DTD/xhtml1-transitional.dtd">
<html xmlns="http://www.w3.org/1999/xhtml" xml:lang="en" lang="en">
 <head>
  <title>
</title>
<meta http-equiv="Content-Type" content="text/html;charset=utf-8" />
  <meta name='ocr-system' content='tesseract 3.04.00' />
  <meta name='ocr-capabilities' content='ocr_page ocr_carea ocr_par ocr_line ocrx_word'/>
</head>
<body>
  <div class='ocr_page' id='page_1' title='image "./n3operaomniarecens10platuoft/n3operaomniarecens10platuoft_0303.png"; bbox 0 0 1781 2971; ppageno 0'>
   <div class='ocr_carea' id='block_1_1' title="bbox 231 144 1395 188">
    <p class='ocr_par' dir='ltr' id='par_1_1' title="bbox 231 144 1395 188">
     <span class='ocr_line' id='line_1_1' title="bbox 231 144 1395 188; baseline -0.003 0"><span class='ocrx_word' id='word_1_1' title='bbox 231 146 315 188; x_wconf 80' lang='lat' dir='ltr'><em>DE</em></span> <span class='ocrx_word' id='word_1_2' title='bbox 349 144 625 188; x_wconf 71' lang='lat' dir='ltr'>LEGIBUS</span> <span class='ocrx_word' id='word_1_3' title='bbox 660 144 777 186; x_wconf 86' lang='lat' dir='ltr'><strong>LIB.</strong></span> <span class='ocrx_word' id='word_1_4' title='bbox 810 144 891 186; x_wconf 92' lang='lat' dir='ltr'><em>XI.</em></span> <span class='ocrx_word' id='word_1_5' title='bbox 926 145 971 186; x_wconf 90' lang='lat' dir='ltr'><em>P.</em></span> <span class='ocrx_word' id='word_1_6' title='bbox 1005 147 1098 187; x_wconf 62' lang='lat'><strong>925).</strong></span> <span class='ocrx_word' id='word_1_7' title='bbox 1134 145 1197 188; x_wconf 74' lang='lat' dir='ltr'><strong>St.</strong></span> <span class='ocrx_word' id='word_1_8' title='bbox 1315 145 1395 187; x_wconf 62' lang='lat'><em>⁴299</em></span> 
     </span>
    </p>
   </div>
   <div class='ocr_carea' id='block_1_2' title="bbox 46 260 1405 1326">
    <p class='ocr_par' dir='ltr' id='par_1_2' title="bbox 46 260 1405 1326">
     <span class='ocr_line' id='line_1_2' title="bbox 49 260 1396 317; baseline -0.003 -11"><span class='ocrx_word' id='word_1_9' title='bbox 49 260 229 306; x_wconf 76' lang='grc' dir='ltr'><em>πάντων</em></span> <span class='ocrx_word' id='word_1_10' title='bbox 267 264 354 304; x_wconf 80' lang='grc' dir='ltr'><em>τῶν</em></span> <span class='ocrx_word' id='word_1_11' title='bbox 390 263 605 315; x_wconf 76' lang='grc' dir='ltr'><em>ξυγγενῶν</em></span> <span class='ocrx_word' id='word_1_12' title='bbox 633 261 742 317; x_wconf 79' lang='grc' dir='ltr'><em>ὑπὲρ</em></span> <span class='ocrx_word' id='word_1_13' title='bbox 773 260 918 316; x_wconf 78' lang='grc' dir='ltr'><em>ἥμισυ,</em></span> <span class='ocrx_word' id='word_1_14' title='bbox 956 261 1071 313; x_wconf 73' lang='grc' dir='ltr'><em>πλὴν</em></span> <span class='ocrx_word' id='word_1_15' title='bbox 1106 260 1274 317; x_wconf 77' lang='grc' dir='ltr'><em>πατρὸς</em></span> <span class='ocrx_word' id='word_1_16' title='bbox 1302 264 1396 302; x_wconf 84' lang='grc' dir='ltr'><em>δια-</em></span> 
     </span>
     <span class='ocr_line' id='line_1_3' title="bbox 49 328 1395 388; baseline -0.002 -17"><span class='ocrx_word' id='word_1_17' title='bbox 49 332 355 388; x_wconf 74' lang='grc' dir='ltr'><em>ψηφιζομένου</em></span> <span class='ocrx_word' id='word_1_18' title='bbox 392 335 464 371; x_wconf 85' lang='grc' dir='ltr'><em>καὶ</em></span> <span class='ocrx_word' id='word_1_19' title='bbox 499 328 667 385; x_wconf 85' lang='grc' dir='ltr'><em>μητρὸς</em></span> <span class='ocrx_word' id='word_1_20' title='bbox 701 334 774 372; x_wconf 79' lang='grc' dir='ltr'><em>καὶ</em></span> <span class='ocrx_word' id='word_1_21' title='bbox 811 332 892 372; x_wconf 82' lang='grc' dir='ltr'><em>τοῦ</em></span> <span class='ocrx_word' id='word_1_22' title='bbox 930 330 1189 386; x_wconf 70' lang='grc' dir='ltr'><em>φεύγοντος,</em></span> <span class='ocrx_word' id='word_1_23' title='bbox 1227 331 1314 370; x_wconf 80' lang='grc' dir='ltr'><em>τῶν</em></span> <span class='ocrx_word' id='word_1_24' title='bbox 1351 330 1395 369; x_wconf 77' lang='grc' dir='ltr'><em>δὲ</em></span> 
     </span>
     <span class='ocr_line' id='line_1_4' title="bbox 47 391 1395 452; baseline -0.002 -14"><span class='ocrx_word' id='word_1_25' title='bbox 47 395 195 439; x_wconf 81' lang='grc' dir='ltr'><em>ἄλλων</em></span> <span class='ocrx_word' id='word_1_26' title='bbox 222 395 462 452; x_wconf 78' lang='grc' dir='ltr'><strong><em>ὁπόσοιπερ</em></strong></span> <span class='ocrx_word' id='word_1_27' title='bbox 485 395 542 438; x_wconf 82' lang='grc' dir='ltr'><em>ὀὶν</em></span> <span class='ocrx_word' id='word_1_28' title='bbox 570 391 645 439; x_wconf 81' lang='grc' dir='ltr'><em>ὦσι</em></span> <span class='ocrx_word' id='word_1_29' title='bbox 669 399 888 450; x_wconf 78' lang='grc' dir='ltr'><em>γυναικῶν</em></span> <span class='ocrx_word' id='word_1_30' title='bbox 915 396 995 439; x_wconf 80' lang='grc' dir='ltr'><em>εἴτε</em></span> <span class='ocrx_word' id='word_1_31' title='bbox 1024 396 1201 450; x_wconf 75' lang='grc' dir='ltr'><em>ἀνδρῶν</em></span> <span class='ocrx_word' id='word_1_32' title='bbox 1229 399 1395 443; x_wconf 71' lang='grc' dir='ltr'><em>τέλειοι,</em></span> 
     </span>
     <span class='ocr_line' id='line_1_5' title="bbox 48 461 1397 523; baseline -0.001 -18"><span class='ocrx_word' id='word_1_33' title='bbox 48 461 188 523; x_wconf 81' lang='grc' dir='ltr'><em>ταύτῃ</em></span> <span class='ocrx_word' id='word_1_34' title='bbox 214 465 293 518; x_wconf 82' lang='grc' dir='ltr'><em>μὲν</em></span> <span class='ocrx_word' id='word_1_35' title='bbox 322 466 393 505; x_wconf 81' lang='grc' dir='ltr'><em>καὶ</em></span> <span class='ocrx_word' id='word_1_36' title='bbox 418 462 530 506; x_wconf 79' lang='grc' dir='ltr'><em>κατὰ</em></span> <span class='ocrx_word' id='word_1_37' title='bbox 570 467 712 506; x_wconf 82' lang='grc' dir='ltr'><em>ταῦτα</em></span> <span class='ocrx_word' id='word_1_38' title='bbox 751 464 899 515; x_wconf 76' lang='grc' dir='ltr'><em>ἐξέστω</em></span> <span class='ocrx_word' id='word_1_39' title='bbox 937 466 996 517; x_wconf 80' lang='grc' dir='ltr'><em>τῷ</em></span> <span class='ocrx_word' id='word_1_40' title='bbox 1025 465 1156 517; x_wconf 78' lang='grc' dir='ltr'><em>πατρὶ</em></span> <span class='ocrx_word' id='word_1_41' title='bbox 1198 461 1274 503; x_wconf 86' lang='grc' dir='ltr'><em>τὸν</em></span> <span class='ocrx_word' id='word_1_42' title='bbox 1301 461 1397 504; x_wconf 74' lang='grc' dir='ltr'><em>υἱὸν</em></span> 
     </span>
     <span class='ocr_line' id='line_1_6' title="bbox 48 529 1397 585; baseline -0.001 -13"><span class='ocrx_word' id='word_1_43' title='bbox 48 529 385 585; x_wconf 77' lang='grc' dir='ltr'><em>ἀποκηρύττειν,</em></span> <span class='ocrx_word' id='word_1_44' title='bbox 428 530 570 581; x_wconf 76' lang='grc' dir='ltr'><em>ἄλλως</em></span> <span class='ocrx_word' id='word_1_45' title='bbox 607 533 650 573; x_wconf 75' lang='grc' dir='ltr'><em>δὲ</em></span> <span class='ocrx_word' id='word_1_46' title='bbox 693 533 918 585; x_wconf 75' lang='grc' dir='ltr'><strong><em>μηδαμῶς.</em></strong></span> <span class='ocrx_word' id='word_1_47' title='bbox 965 529 1046 572; x_wconf 82' lang='grc' dir='ltr'><em>τὸν</em></span> <span class='ocrx_word' id='word_1_48' title='bbox 1083 529 1120 571; x_wconf 80' lang='grc' dir='ltr'><em>δ’</em></span> <span class='ocrx_word' id='word_1_49' title='bbox 1162 529 1397 582; x_wconf 79' lang='grc' dir='ltr'><em>ἀποκηρυ-</em></span> 
     </span>
     <span class='ocr_line' id='line_1_7' title="bbox 46 595 1397 652; baseline -0.002 -14"><span class='ocrx_word' id='word_1_50' title='bbox 46 600 219 652; x_wconf 71' lang='grc' dir='ltr'><em>χθέντα</em></span> <span class='ocrx_word' id='word_1_51' title='bbox 257 598 336 639; x_wconf 74' lang='grc' dir='ltr'><em>ἐάν</em></span> <span class='ocrx_word' id='word_1_52' title='bbox 374 614 438 646; x_wconf 86' lang='grc' dir='ltr'><em>τις</em></span> <span class='ocrx_word' id='word_1_53' title='bbox 466 599 552 639; x_wconf 83' lang='grc' dir='ltr'><em>τῶν</em></span> <span class='ocrx_word' id='word_1_54' title='bbox 589 600 782 640; x_wconf 82' lang='grc' dir='ltr'><em>πολιτῶν</em></span> <span class='ocrx_word' id='word_1_55' title='bbox 815 597 916 640; x_wconf 79' lang='grc' dir='ltr'><em>υἱόν</em></span> <span class='ocrx_word' id='word_1_56' title='bbox 951 595 1169 650; x_wconf 78' lang='grc' dir='ltr'><em>βούληται</em></span> <span class='ocrx_word' id='word_1_57' title='bbox 1206 599 1397 644; x_wconf 68' lang='grc' dir='ltr'><em>θέσθαι,</em></span> 
     </span>
     <span class='ocr_line' id='line_1_8' title="bbox 48 661 1401 719; baseline -0.003 -13"><span class='ocrx_word' id='word_1_58' title='bbox 48 667 198 719; x_wconf 74' lang='grc' dir='ltr'><em>μηδεὶς</em></span> <span class='ocrx_word' id='word_1_59' title='bbox 233 664 369 719; x_wconf 82' lang='grc' dir='ltr'><em>νόμος</em></span> <span class='ocrx_word' id='word_1_60' title='bbox 405 663 644 718; x_wconf 71' lang='grc' dir='ltr'><em>ἀπειργέτω</em></span> <span class='ocrx_word' id='word_1_61' title='bbox 683 667 936 707; x_wconf 76' lang='grc' dir='ltr'><em>ποιεῖσθαι·</em></span> <span class='ocrx_word' id='word_1_62' title='bbox 975 661 1028 704; x_wconf 77' lang='grc' dir='ltr'><em>τὰ</em></span> <span class='ocrx_word' id='word_1_63' title='bbox 1067 662 1152 716; x_wconf 78' lang='grc' dir='ltr'><em>γάρ</em></span> <span class='ocrx_word' id='word_1_64' title='bbox 1186 663 1273 703; x_wconf 80' lang='grc' dir='ltr'><em>τῶν</em></span> <span class='ocrx_word' id='word_1_65' title='bbox 1296 667 1401 703; x_wconf 77' lang='grc' dir='ltr'><em>νέων</em></span> 
     </span>
     <span class='ocr_line' id='line_1_9' title="bbox 48 727 1401 785; baseline -0.002 -12"><span class='ocrx_word' id='word_1_66' title='bbox 48 729 150 782; x_wconf 74' lang='grc' dir='ltr'><em>ἤθη</em></span> <span class='ocrx_word' id='word_1_67' title='bbox 186 729 357 780; x_wconf 73' lang='grc' dir='ltr'><em>πολλὰς</em></span> <span class='ocrx_word' id='word_1_68' title='bbox 393 732 646 785; x_wconf 79' lang='grc' dir='ltr'><em>μεταβολὰς</em></span> <span class='ocrx_word' id='word_1_69' title='bbox 683 735 729 773; x_wconf 84' lang='grc' dir='ltr'><em>ἐν</em></span> <span class='ocrx_word' id='word_1_70' title='bbox 759 732 820 784; x_wconf 79' lang='grc' dir='ltr'><em>τῷ</em></span> <span class='ocrx_word' id='word_1_71' title='bbox 854 732 936 785; x_wconf 79' lang='grc' dir='ltr'><em>βίῳ</em></span> <span class='ocrx_word' id='word_1_72' title='bbox 972 730 1266 784; x_wconf 72' lang='grc' dir='ltr'><em>μεταβάλλειν</em></span> <span class='ocrx_word' id='word_1_73' title='bbox 1303 727 1401 770; x_wconf 77' lang='grc' dir='ltr'><em>ἑκά-</em></span> 
     </span>
     <span class='ocr_line' id='line_1_10' title="bbox 50 794 1402 854; baseline -0.003 -14"><span class='ocrx_word' id='word_1_74' title='bbox 50 813 176 840; x_wconf 91' lang='grc' dir='ltr'><em>στοτε</em></span> <span class='ocrx_word' id='word_1_75' title='bbox 210 801 413 854; x_wconf 77' lang='grc' dir='ltr'><em>πέφυκεν.</em></span> <span class='ocrx_word' id='word_1_76' title='bbox 460 797 840 852; x_wconf 72' lang='grc' dir='ltr'><em>ἀποκηρυχθέντα</em></span> <span class='ocrx_word' id='word_1_77' title='bbox 877 800 922 840; x_wconf 83' lang='grc' dir='ltr'><em>δὲ</em></span> <span class='ocrx_word' id='word_1_78' title='bbox 957 794 1016 839; x_wconf 82' lang='grc' dir='ltr'><em>ἄν</em></span> <span class='ocrx_word' id='word_1_79' title='bbox 1052 813 1117 846; x_wconf 82' lang='grc' dir='ltr'><em>τις</em></span> <span class='ocrx_word' id='word_1_80' title='bbox 1153 797 1254 838; x_wconf 74' lang='grc' dir='ltr'><em>δέκα</em></span> <span class='ocrx_word' id='word_1_81' title='bbox 1291 797 1402 837; x_wconf 78' lang='grc' dir='ltr'><em>ἐτῶν</em></span> 
     </span>
     <span class='ocr_line' id='line_1_11' title="bbox 48 862 1402 923; baseline -0.002 -18"><span class='ocrx_word' id='word_1_82' title='bbox 48 863 109 917; x_wconf 86' lang='grc' dir='ltr'><em>μὴ</em></span> <span class='ocrx_word' id='word_1_83' title='bbox 155 863 410 923; x_wconf 74' lang='grc' dir='ltr'><em>ἐπιθυμήσῃ</em></span> <span class='ocrx_word' id='word_1_84' title='bbox 458 863 602 907; x_wconf 74' lang='grc' dir='ltr'><em>θετὸν</em></span> <span class='ocrx_word' id='word_1_85' title='bbox 645 864 746 907; x_wconf 84' lang='grc' dir='ltr'><em>υἱὸν</em></span> <span class='ocrx_word' id='word_1_86' title='bbox 803 863 1112 915; x_wconf 81' lang='grc' dir='ltr'><em>ποιήσασθαι,</em></span> <span class='ocrx_word' id='word_1_87' title='bbox 1165 862 1269 912; x_wconf 83' lang='grc' dir='ltr'><em>τοὺς</em></span> <span class='ocrx_word' id='word_1_88' title='bbox 1313 864 1402 903; x_wconf 78' lang='grc' dir='ltr'><em>τῶν</em></span> 
     </span>
     <span class='ocr_line' id='line_1_12' title="bbox 49 930 1397 985; baseline -0.001 -12"><span class='ocrx_word' id='word_1_89' title='bbox 49 931 268 984; x_wconf 73' lang='grc' dir='ltr'><em>ἐπιγόνων</em></span> <span class='ocrx_word' id='word_1_90' title='bbox 301 930 564 985; x_wconf 73' lang='grc' dir='ltr'><em>ἐπιμελητὰς</em></span> <span class='ocrx_word' id='word_1_91' title='bbox 599 934 689 974; x_wconf 82' lang='grc' dir='ltr'><em>τῶν</em></span> <span class='ocrx_word' id='word_1_92' title='bbox 725 935 784 980; x_wconf 71' lang='grc' dir='ltr'><em>εἰς</em></span> <span class='ocrx_word' id='word_1_93' title='bbox 821 930 901 982; x_wconf 82' lang='grc' dir='ltr'><em>τὴν</em></span> <span class='ocrx_word' id='word_1_94' title='bbox 935 931 1147 981; x_wconf 78' lang='grc' dir='ltr'><em>ἀποικίαν</em></span> <span class='ocrx_word' id='word_1_95' title='bbox 1191 931 1397 984; x_wconf 83' lang='grc' dir='ltr'><em>ἐπιμελεῖ-</em></span> 
     </span>
     <span class='ocr_line' id='line_1_13' title="bbox 50 995 1405 1053; baseline -0.002 -13"><span class='ocrx_word' id='word_1_96' title='bbox 50 1001 168 1040; x_wconf 76' lang='grc' dir='ltr'><em>σθαι</em></span> <span class='ocrx_word' id='word_1_97' title='bbox 214 1001 287 1041; x_wconf 75' lang='grc' dir='ltr'><em>καὶ</em></span> <span class='ocrx_word' id='word_1_98' title='bbox 331 998 524 1053; x_wconf 78' lang='grc' dir='ltr'><em>τούτων,</em></span> <span class='ocrx_word' id='word_1_99' title='bbox 579 997 699 1048; x_wconf 88' lang='grc' dir='ltr'><em>ὅπως</em></span> <span class='ocrx_word' id='word_1_100' title='bbox 745 996 802 1040; x_wconf 79' lang='grc' dir='ltr'><em>ἂν</em></span> <span class='ocrx_word' id='word_1_101' title='bbox 847 998 1094 1052; x_wconf 77' lang='grc' dir='ltr'><em>μετάσχωσι</em></span> <span class='ocrx_word' id='word_1_102' title='bbox 1139 999 1218 1049; x_wconf 85' lang='grc' dir='ltr'><em>τῆς</em></span> <span class='ocrx_word' id='word_1_103' title='bbox 1264 995 1405 1047; x_wconf 83' lang='grc' dir='ltr'><em>αὐτῆς</em></span> 
     </span>
     <span class='ocr_line' id='line_1_14' title="bbox 50 1061 1402 1119; baseline -0.002 -12"><span class='ocrx_word' id='word_1_104' title='bbox 50 1065 263 1115; x_wconf 78' lang='grc' dir='ltr'><em>ἀποικίας</em></span> <span class='ocrx_word' id='word_1_105' title='bbox 292 1067 495 1119; x_wconf 78' lang='grc' dir='ltr'><em>ἐμμελῶς.</em></span> <span class='ocrx_word' id='word_1_106' title='bbox 535 1063 614 1108; x_wconf 75' lang='grc' dir='ltr'><em>ἐὰν</em></span> <span class='ocrx_word' id='word_1_107' title='bbox 651 1068 695 1108; x_wconf 77' lang='grc' dir='ltr'><em>δέ</em></span> <span class='ocrx_word' id='word_1_108' title='bbox 730 1069 795 1115; x_wconf 84' lang='grc' dir='ltr'><em>τίς</em></span> <span class='ocrx_word' id='word_1_109' title='bbox 832 1082 931 1107; x_wconf 88' lang='grc' dir='ltr'><em>τινα</em></span> <span class='ocrx_word' id='word_1_110' title='bbox 970 1064 1102 1114; x_wconf 85' lang='grc' dir='ltr'><em>νόσος</em></span> <span class='ocrx_word' id='word_1_111' title='bbox 1139 1063 1164 1115; x_wconf 80' lang='grc' dir='ltr'>ἢ</span> <span class='ocrx_word' id='word_1_112' title='bbox 1201 1066 1341 1118; x_wconf 81' lang='grc' dir='ltr'><em>γῆρας</em></span> <span class='ocrx_word' id='word_1_113' title='bbox 1379 1061 1402 1114; x_wconf 79' lang='grc' dir='ltr'>ἢ</span> 
     </span>
     <span class='ocr_line' id='line_1_15' title="bbox 52 1129 1404 1187; baseline -0.001 -13"><span class='ocrx_word' id='word_1_114' title='bbox 52 1135 124 1174; x_wconf 82' lang='grc' dir='ltr'><em>καὶ</em></span> <span class='ocrx_word' id='word_1_115' title='bbox 171 1132 348 1187; x_wconf 88' lang='grc' dir='ltr'><em>τρόπων</em></span> <span class='ocrx_word' id='word_1_116' title='bbox 385 1133 634 1187; x_wconf 82' lang='grc' dir='ltr'><em>χαλεπότης</em></span> <span class='ocrx_word' id='word_1_117' title='bbox 672 1129 695 1184; x_wconf 81' lang='grc' dir='ltr'><em>ἢ</em></span> <span class='ocrx_word' id='word_1_118' title='bbox 734 1134 805 1174; x_wconf 85' lang='grc' dir='ltr'><em>καὶ</em></span> <span class='ocrx_word' id='word_1_119' title='bbox 854 1131 1089 1187; x_wconf 79' lang='grc' dir='ltr'><em>ξύμπαντα</em></span> <span class='ocrx_word' id='word_1_120' title='bbox 1145 1133 1289 1174; x_wconf 88' lang='grc' dir='ltr'><em>ταῦτα</em></span> <span class='ocrx_word' id='word_1_121' title='bbox 1338 1134 1404 1173; x_wconf 72' lang='grc' dir='ltr'><em>ἔκ·</em></span> 
     </span>
     <span class='ocr_line' id='line_1_16' title="bbox 51 1198 1405 1256; baseline -0.001 -16"><span class='ocrx_word' id='word_1_122' title='bbox 51 1215 203 1255; x_wconf 80' lang='grc' dir='ltr'><em>φρονα</em></span> <span class='ocrx_word' id='word_1_123' title='bbox 249 1198 557 1254; x_wconf 73' lang='grc' dir='ltr'><em>ἀπεργάζηται</em></span> <span class='ocrx_word' id='word_1_124' title='bbox 602 1199 903 1256; x_wconf 80' lang='grc' dir='ltr'><em>διαφερόντως</em></span> <span class='ocrx_word' id='word_1_125' title='bbox 948 1200 1036 1240; x_wconf 78' lang='grc' dir='ltr'><em>τῶν</em></span> <span class='ocrx_word' id='word_1_126' title='bbox 1079 1200 1276 1247; x_wconf 83' lang='grc' dir='ltr'><em>πολλῶν,</em></span> <span class='ocrx_word' id='word_1_127' title='bbox 1332 1199 1405 1239; x_wconf 80' lang='grc' dir='ltr'><em>καὶ</em></span> 
     </span>
     <span class='ocr_line' id='line_1_17' title="bbox 52 1264 1405 1326; baseline 0 -19"><span class='ocrx_word' id='word_1_128' title='bbox 52 1264 266 1326; x_wconf 70' lang='grc' dir='ltr'><em>λανθάνῃ</em></span> <span class='ocrx_word' id='word_1_129' title='bbox 304 1266 407 1314; x_wconf 77' lang='grc' dir='ltr'><em>τοὺς</em></span> <span class='ocrx_word' id='word_1_130' title='bbox 443 1264 608 1316; x_wconf 79' lang='grc' dir='ltr'><em>ἄλλους</em></span> <span class='ocrx_word' id='word_1_131' title='bbox 641 1265 755 1317; x_wconf 79' lang='grc' dir='ltr'><em>πλὴν</em></span> <span class='ocrx_word' id='word_1_132' title='bbox 793 1268 879 1308; x_wconf 81' lang='grc' dir='ltr'><em>τῶν</em></span> <span class='ocrx_word' id='word_1_133' title='bbox 915 1268 1304 1320; x_wconf 77' lang='grc' dir='ltr'><em>συνδιαιτωμένων,</em></span> <span class='ocrx_word' id='word_1_134' title='bbox 1343 1269 1405 1307; x_wconf 82' lang='grc' dir='ltr'><em>οὶ-</em></span> 
     </span>
    </p>
   </div>
   <div class='ocr_carea' id='block_1_3' title="bbox 53 1416 1405 1600">
    <p class='ocr_par' dir='ltr' id='par_1_3' title="bbox 53 1416 1404 1507">
     <span class='ocr_line' id='line_1_18' title="bbox 145 1416 1404 1462; baseline 0.002 -12"><span class='ocrx_word' id='word_1_135' title='bbox 145 1416 247 1460; x_wconf 73' lang='grc' dir='ltr'><em>ὑπὲρ</em></span> <span class='ocrx_word' id='word_1_136' title='bbox 276 1417 426 1461; x_wconf 67' lang='grc' dir='ltr'><em>ἣμισυ]</em></span> <span class='ocrx_word' id='word_1_137' title='bbox 458 1417 660 1462; x_wconf 66' lang='grc' dir='ltr'><em>ὑπερὴμισυ,</em></span> <span class='ocrx_word' id='word_1_138' title='bbox 686 1421 779 1462; x_wconf 85' lang='lat' dir='ltr'>quod</span> <span class='ocrx_word' id='word_1_139' title='bbox 808 1431 879 1452; x_wconf 90' lang='lat' dir='ltr'><em>non</em></span> <span class='ocrx_word' id='word_1_140' title='bbox 906 1425 1103 1462; x_wconf 83' lang='lat' dir='ltr'>agnoscunt</span> <span class='ocrx_word' id='word_1_141' title='bbox 1130 1421 1167 1452; x_wconf 76' lang='lat' dir='ltr'><strong>A.</strong></span> <span class='ocrx_word' id='word_1_142' title='bbox 1201 1418 1238 1451; x_wconf 82' lang='grc' dir='ltr'><em>Ω.</em></span> <span class='ocrx_word' id='word_1_143' title='bbox 1269 1431 1297 1452; x_wconf 90' lang='lat' dir='ltr'><em>v.</em></span> <span class='ocrx_word' id='word_1_144' title='bbox 1325 1421 1347 1452; x_wconf 87' lang='lat' dir='ltr'><em>f.</em></span> <span class='ocrx_word' id='word_1_145' title='bbox 1377 1430 1404 1452; x_wconf 83' lang='lat' dir='ltr'><em>r.</em></span> 
     </span>
     <span class='ocr_line' id='line_1_19' title="bbox 53 1464 901 1507; baseline 0.002 -11"><span class='ocrx_word' id='word_1_146' title='bbox 53 1476 85 1497; x_wconf 82' lang='lat' dir='ltr'><em>a.</em></span> <span class='ocrx_word' id='word_1_147' title='bbox 112 1475 140 1499; x_wconf 86' lang='lat' dir='ltr'><strong>e.</strong></span> <span class='ocrx_word' id='word_1_148' title='bbox 171 1464 199 1497; x_wconf 86' lang='grc' dir='ltr'><em>δ.</em></span> <span class='ocrx_word' id='word_1_149' title='bbox 227 1477 256 1496; x_wconf 90' lang='grc' dir='ltr'><em>ο.</em></span> <span class='ocrx_word' id='word_1_150' title='bbox 284 1467 343 1497; x_wconf 84' lang='lat' dir='ltr'><strong>cfr.</strong></span> <span class='ocrx_word' id='word_1_151' title='bbox 370 1467 532 1507; x_wconf 82' lang='lat' dir='ltr'><em>Xenopli.</em></span> <span class='ocrx_word' id='word_1_152' title='bbox 560 1468 669 1499; x_wconf 81' lang='lat' dir='ltr'><strong>Anah.</strong></span> <span class='ocrx_word' id='word_1_153' title='bbox 697 1468 736 1498; x_wconf 90' lang='lat' dir='ltr'><em>V.</em></span> <span class='ocrx_word' id='word_1_154' title='bbox 766 1466 821 1503; x_wconf 79' lang='grc'><em>10,</em></span> <span class='ocrx_word' id='word_1_155' title='bbox 847 1467 901 1500; x_wconf 83' lang='lat'><em>10.</em></span> 
     </span>
    </p>

    <p class='ocr_par' dir='ltr' id='par_1_4' title="bbox 54 1509 1405 1600">
     <span class='ocr_line' id='line_1_20' title="bbox 147 1509 1405 1554; baseline -0.001 -12"><span class='ocrx_word' id='word_1_156' title='bbox 147 1512 223 1543; x_wconf 74' lang='grc' dir='ltr'><em>τῶν</em></span> <span class='ocrx_word' id='word_1_157' title='bbox 249 1509 292 1542; x_wconf 84' lang='grc' dir='ltr'><em>δὲ</em></span> <span class='ocrx_word' id='word_1_158' title='bbox 316 1509 384 1543; x_wconf 74' lang='grc' dir='ltr'><em>ἄλλ</em></span> <span class='ocrx_word' id='word_1_159' title='bbox 396 1523 451 1543; x_wconf 86' lang='grc' dir='ltr'><em>ων</em></span> <span class='ocrx_word' id='word_1_160' title='bbox 479 1509 637 1544; x_wconf 87' lang='grc' dir='ltr'><em>ὁπόσοι</em></span> <span class='ocrx_word' id='word_1_161' title='bbox 664 1512 711 1554; x_wconf 83' lang='grc' dir='ltr'><em>π.]</em></span> <span class='ocrx_word' id='word_1_162' title='bbox 744 1514 840 1544; x_wconf 90' lang='lat' dir='ltr'>Libr.</span> <span class='ocrx_word' id='word_1_163' title='bbox 869 1524 911 1544; x_wconf 80' lang='grc' dir='ltr'><em>τε.</em></span> <span class='ocrx_word' id='word_1_164' title='bbox 929 1512 1093 1545; x_wconf 77' lang='lat' dir='ltr'>Correxit</span> <span class='ocrx_word' id='word_1_165' title='bbox 1115 1511 1250 1551; x_wconf 84' lang='lat' dir='ltr'>Astius,</span> <span class='ocrx_word' id='word_1_166' title='bbox 1276 1511 1329 1542; x_wconf 84' lang='lat' dir='ltr'>eui</span> <span class='ocrx_word' id='word_1_167' title='bbox 1355 1516 1405 1542; x_wconf 81' lang='lat' dir='ltr'><em>ta-</em></span> 
     </span>
     <span class='ocr_line' id='line_1_21' title="bbox 54 1557 737 1600; baseline 0 -11"><span class='ocrx_word' id='word_1_168' title='bbox 54 1567 132 1589; x_wconf 87' lang='lat' dir='ltr'><em>men</em></span> <span class='ocrx_word' id='word_1_169' title='bbox 159 1557 351 1590; x_wconf 83' lang='lat' dir='ltr'><strong>Schneider</strong></span> <span class='ocrx_word' id='word_1_170' title='bbox 376 1569 446 1590; x_wconf 88' lang='lat' dir='ltr'><em>non</em></span> <span class='ocrx_word' id='word_1_171' title='bbox 472 1560 737 1600; x_wconf 77' lang='lat' dir='ltr'>obtemperavit.</span> 
     </span>
    </p>
   </div>
   <div class='ocr_carea' id='block_1_4' title="bbox 54 1668 695 1757">
    <p class='ocr_par' dir='ltr' id='par_1_5' title="bbox 54 1668 695 1757">
     <span class='ocr_line' id='line_1_22' title="bbox 102 1668 695 1711; baseline 0.003 -10"><span class='ocrx_word' id='word_1_172' title='bbox 102 1670 184 1701; x_wconf 78' lang='grc' dir='ltr'><em>ιιῦν</em></span> <span class='ocrx_word' id='word_1_173' title='bbox 210 1669 253 1701; x_wconf 81' lang='grc' dir='ltr'><em>δὲ</em></span> <span class='ocrx_word' id='word_1_174' title='bbox 278 1668 413 1701; x_wconf 77' lang='grc' dir='ltr'><em>ἄλλων</em></span> <span class='ocrx_word' id='word_1_175' title='bbox 449 1668 695 1711; x_wconf 78' lang='grc' dir='ltr'><em>ὁπόσοιπερ</em></span> 
     </span>
     <span class='ocr_line' id='line_1_23' title="bbox 54 1714 694 1757; baseline 0.002 -9"><span class='ocrx_word' id='word_1_176' title='bbox 54 1716 116 1757; x_wconf 84' lang='grc'><em>-]</em></span> <span class='ocrx_word' id='word_1_177' title='bbox 141 1717 240 1748; x_wconf 84' lang='lat' dir='ltr'>Libri</span> <span class='ocrx_word' id='word_1_178' title='bbox 268 1717 332 1748; x_wconf 78' lang='grc' dir='ltr'><em>τῶν</em></span> <span class='ocrx_word' id='word_1_179' title='bbox 358 1728 389 1747; x_wconf 84' lang='grc' dir='ltr'><em>τε</em></span> <span class='ocrx_word' id='word_1_180' title='bbox 414 1714 532 1750; x_wconf 72' lang='grc' dir='ltr'><em>ἄλλων.</em></span> <span class='ocrx_word' id='word_1_181' title='bbox 590 1717 694 1755; x_wconf 82' lang='lat' dir='ltr'><em>Quod</em></span> 
     </span>
    </p>
   </div>
   <div class='ocr_carea' id='block_1_5' title="bbox 762 1668 1403 1758">
    <p class='ocr_par' dir='ltr' id='par_1_6' title="bbox 762 1668 1403 1758">
     <span class='ocr_line' id='line_1_24' title="bbox 764 1668 1403 1710; baseline -0.006 -7"><span class='ocrx_word' id='word_1_182' title='bbox 764 1672 806 1703; x_wconf 84' lang='lat' dir='ltr'><em>ad</em></span> <span class='ocrx_word' id='word_1_183' title='bbox 834 1669 959 1702; x_wconf 82' lang='lat' dir='ltr'>Gallim</span> <span class='ocrx_word' id='word_1_184' title='bbox 996 1670 1124 1710; x_wconf 85' lang='lat' dir='ltr'>Hymn.</span> <span class='ocrx_word' id='word_1_185' title='bbox 1151 1671 1184 1700; x_wconf 84' lang='lat' dir='ltr'>in</span> <span class='ocrx_word' id='word_1_186' title='bbox 1203 1668 1280 1701; x_wconf 69' lang='lat' dir='ltr'><strong>Io&#39;v.</strong></span> <span class='ocrx_word' id='word_1_187' title='bbox 1300 1679 1332 1700; x_wconf 89' lang='lat' dir='ltr'><em>v.</em></span> <span class='ocrx_word' id='word_1_188' title='bbox 1349 1668 1403 1702; x_wconf 80' lang='lat'><strong>57.</strong></span> 
     </span>
     <span class='ocr_line' id='line_1_25' title="bbox 762 1715 1403 1758; baseline -0.005 -10"><span class='ocrx_word' id='word_1_189' title='bbox 762 1728 795 1758; x_wconf 90' lang='lat' dir='ltr'><em>p.</em></span> <span class='ocrx_word' id='word_1_190' title='bbox 814 1717 870 1750; x_wconf 82' lang='lat'><strong>52.</strong></span> <span class='ocrx_word' id='word_1_191' title='bbox 896 1717 948 1747; x_wconf 90' lang='lat' dir='ltr'><strong>ed.</strong></span> <span class='ocrx_word' id='word_1_192' title='bbox 975 1716 1061 1746; x_wconf 81' lang='lat' dir='ltr'><strong>Ern.</strong></span> <span class='ocrx_word' id='word_1_193' title='bbox 1079 1721 1112 1747; x_wconf 85' lang='lat' dir='ltr'><em>et</em></span> <span class='ocrx_word' id='word_1_194' title='bbox 1136 1717 1246 1756; x_wconf 82' lang='lat' dir='ltr'>intpp.</span> <span class='ocrx_word' id='word_1_195' title='bbox 1268 1715 1313 1746; x_wconf 83' lang='lat' dir='ltr'><em>ad</em></span> <span class='ocrx_word' id='word_1_196' title='bbox 1333 1717 1403 1745; x_wconf 89' lang='lat' dir='ltr'><em>Ae-</em></span> 
     </span>
    </p>
   </div>
   <div class='ocr_carea' id='block_1_6' title="bbox 55 1763 703 2770">
    <p class='ocr_par' dir='ltr' id='par_1_7' title="bbox 55 1763 703 2770">
     <span class='ocr_line' id='line_1_26' title="bbox 55 1763 694 1796; baseline 0.002 -3"><span class='ocrx_word' id='word_1_197' title='bbox 55 1763 245 1794; x_wconf 81' lang='lat' dir='ltr'>absurdum</span> <span class='ocrx_word' id='word_1_198' title='bbox 262 1774 338 1795; x_wconf 87' lang='lat' dir='ltr'>esse</span> <span class='ocrx_word' id='word_1_199' title='bbox 363 1774 451 1795; x_wconf 86' lang='lat' dir='ltr'>unus</span> <span class='ocrx_word' id='word_1_200' title='bbox 471 1765 557 1795; x_wconf 83' lang='lat' dir='ltr'>vidit</span> <span class='ocrx_word' id='word_1_201' title='bbox 575 1765 694 1796; x_wconf 81' lang='lat' dir='ltr'>Asti-</span> 
     </span>
     <span class='ocr_line' id='line_1_27' title="bbox 57 1808 694 1850; baseline 0.003 -11"><span class='ocrx_word' id='word_1_202' title='bbox 57 1819 125 1848; x_wconf 84' lang='lat' dir='ltr'><em>us,</em></span> <span class='ocrx_word' id='word_1_203' title='bbox 162 1811 220 1850; x_wconf 90' lang='lat' dir='ltr'>qui</span> <span class='ocrx_word' id='word_1_204' title='bbox 259 1815 352 1841; x_wconf 80' lang='lat' dir='ltr'>reete</span> <span class='ocrx_word' id='word_1_205' title='bbox 389 1810 530 1841; x_wconf 80' lang='lat' dir='ltr'>refinxit</span> <span class='ocrx_word' id='word_1_206' title='bbox 563 1810 626 1841; x_wconf 73' lang='grc' dir='ltr'><em>τῶν</em></span> <span class='ocrx_word' id='word_1_207' title='bbox 658 1808 694 1841; x_wconf 84' lang='grc' dir='ltr'><em>δὲ</em></span> 
     </span>
     <span class='ocr_line' id='line_1_28' title="bbox 57 1852 694 1895; baseline 0.002 -10"><span class='ocrx_word' id='word_1_208' title='bbox 57 1852 185 1895; x_wconf 75' lang='grc' dir='ltr'><em>ἄλλων,</em></span> <span class='ocrx_word' id='word_1_209' title='bbox 228 1856 310 1887; x_wconf 79' lang='lat' dir='ltr'>lieet</span> <span class='ocrx_word' id='word_1_210' title='bbox 347 1855 578 1887; x_wconf 82' lang='lat' dir='ltr'>Hermann.</span> <span class='ocrx_word' id='word_1_211' title='bbox 630 1856 694 1886; x_wconf 79' lang='grc' dir='ltr'><em>ιῶν</em></span> 
     </span>
     <span class='ocr_line' id='line_1_29' title="bbox 57 1898 693 1933; baseline 0.002 -1"><span class='ocrx_word' id='word_1_212' title='bbox 57 1898 167 1932; x_wconf 76' lang='grc' dir='ltr'><em>ἄλλων</em></span> <span class='ocrx_word' id='word_1_213' title='bbox 206 1902 315 1932; x_wconf 84' lang='lat' dir='ltr'>malit.</span> <span class='ocrx_word' id='word_1_214' title='bbox 362 1902 554 1932; x_wconf 88' lang='lat' dir='ltr'>Enimvero</span> <span class='ocrx_word' id='word_1_215' title='bbox 595 1912 693 1933; x_wconf 83' lang='lat' dir='ltr'>assu-</span> 
     </span>
     <span class='ocr_line' id='line_1_30' title="bbox 57 1945 698 1988; baseline -0.002 -9"><span class='ocrx_word' id='word_1_216' title='bbox 57 1947 219 1979; x_wconf 88' lang='lat' dir='ltr'>mendum</span> <span class='ocrx_word' id='word_1_217' title='bbox 262 1952 315 1978; x_wconf 83' lang='lat' dir='ltr'><em>est</em></span> <span class='ocrx_word' id='word_1_218' title='bbox 359 1945 698 1988; x_wconf 76' lang='grc' dir='ltr'><em>ὄιαψηφιζομένωι·,</em></span> 
     </span>
     <span class='ocr_line' id='line_1_31' title="bbox 58 1993 697 2025; baseline 0.003 -2"><span class='ocrx_word' id='word_1_219' title='bbox 58 1993 127 2024; x_wconf 79' lang='lat' dir='ltr'><em>hoc</em></span> <span class='ocrx_word' id='word_1_220' title='bbox 173 2003 294 2024; x_wconf 86' lang='lat' dir='ltr'>sensu:</span> <span class='ocrx_word' id='word_1_221' title='bbox 342 1995 507 2024; x_wconf 78' lang='lat' dir='ltr'>ceteris</span> <span class='ocrx_word' id='word_1_222' title='bbox 555 2000 697 2025; x_wconf 79' lang='lat' dir='ltr'>autem</span> 
     </span>
     <span class='ocr_line' id='line_1_32' title="bbox 60 2039 696 2071; baseline 0.002 -1"><span class='ocrx_word' id='word_1_223' title='bbox 60 2039 264 2070; x_wconf 85' lang='lat' dir='ltr'>omnibus</span> <span class='ocrx_word' id='word_1_224' title='bbox 301 2039 516 2070; x_wconf 78' lang='lat' dir='ltr'>caleulum</span> <span class='ocrx_word' id='word_1_225' title='bbox 560 2040 696 2071; x_wconf 86' lang='lat' dir='ltr'>feren·</span> 
     </span>
     <span class='ocr_line' id='line_1_33' title="bbox 59 2085 697 2126; baseline 0 -10"><span class='ocrx_word' id='word_1_226' title='bbox 59 2085 176 2116; x_wconf 86' lang='lat' dir='ltr'>tibus</span> <span class='ocrx_word' id='word_1_227' title='bbox 201 2085 464 2117; x_wconf 84' lang='lat' dir='ltr'>mulieribus</span> <span class='ocrx_word' id='word_1_228' title='bbox 487 2090 621 2126; x_wconf 82' lang='lat' dir='ltr'>atque</span> <span class='ocrx_word' id='word_1_229' title='bbox 641 2086 697 2116; x_wconf 88' lang='lat' dir='ltr'>vi-</span> 
     </span>
     <span class='ocr_line' id='line_1_34' title="bbox 59 2132 695 2172; baseline 0.002 -10"><span class='ocrx_word' id='word_1_230' title='bbox 59 2133 140 2171; x_wconf 85' lang='lat' dir='ltr'>ris,</span> <span class='ocrx_word' id='word_1_231' title='bbox 168 2136 390 2172; x_wconf 84' lang='lat' dir='ltr'>quotquot</span> <span class='ocrx_word' id='word_1_232' title='bbox 416 2137 509 2163; x_wconf 85' lang='lat' dir='ltr'>sunt</span> <span class='ocrx_word' id='word_1_233' title='bbox 542 2132 695 2163; x_wconf 83' lang='lat' dir='ltr'>adulti.</span> 
     </span>
     <span class='ocr_line' id='line_1_35' title="bbox 61 2175 697 2218; baseline 0.003 -10"><span class='ocrx_word' id='word_1_234' title='bbox 61 2175 120 2208; x_wconf 77' lang='lat' dir='ltr'><em>Sic</em></span> <span class='ocrx_word' id='word_1_235' title='bbox 151 2178 242 2209; x_wconf 89' lang='lat' dir='ltr'>enim</span> <span class='ocrx_word' id='word_1_236' title='bbox 273 2177 388 2208; x_wconf 77' lang='grc' dir='ltr'><em>τέλειοι</em></span> <span class='ocrx_word' id='word_1_237' title='bbox 418 2178 697 2218; x_wconf 83' lang='lat' dir='ltr'>intelligendum.</span> 
     </span>
     <span class='ocr_line' id='line_1_36' title="bbox 58 2221 697 2265; baseline 0.002 -11"><span class='ocrx_word' id='word_1_238' title='bbox 58 2221 249 2264; x_wconf 85' lang='lat' dir='ltr'><strong>Xenoph.</strong></span> <span class='ocrx_word' id='word_1_239' title='bbox 286 2223 415 2265; x_wconf 86' lang='lat' dir='ltr'><strong>Cyrop.</strong></span> <span class='ocrx_word' id='word_1_240' title='bbox 463 2224 556 2257; x_wconf 52' lang='grc' dir='ltr'><strong>ΚΙΙΙ.</strong></span> <span class='ocrx_word' id='word_1_241' title='bbox 597 2225 628 2264; x_wconf 80' lang='grc'><em>7,</em></span> <span class='ocrx_word' id='word_1_242' title='bbox 666 2224 697 2257; x_wconf 87' lang='grc'><em>6.</em></span> 
     </span>
     <span class='ocr_line' id='line_1_37' title="bbox 62 2265 701 2311; baseline 0.002 -12"><span class='ocrx_word' id='word_1_243' title='bbox 62 2267 189 2300; x_wconf 77' lang='grc' dir='ltr'><em>τέλειός</em></span> <span class='ocrx_word' id='word_1_244' title='bbox 214 2280 246 2300; x_wconf 77' lang='grc' dir='ltr'><em>τε</em></span> <span class='ocrx_word' id='word_1_245' title='bbox 279 2265 367 2310; x_wconf 79' lang='grc' dir='ltr'><em>ἀνὴρ</em></span> <span class='ocrx_word' id='word_1_246' title='bbox 400 2267 597 2311; x_wconf 76' lang='grc' dir='ltr'><em>γενόμενος.</em></span> <span class='ocrx_word' id='word_1_247' title='bbox 653 2270 701 2301; x_wconf 81' lang='lat' dir='ltr'><em>Et</em></span> 
     </span>
     <span class='ocr_line' id='line_1_38' title="bbox 62 2315 699 2352; baseline 0 -6"><span class='ocrx_word' id='word_1_248' title='bbox 62 2316 112 2346; x_wconf 83' lang='lat' dir='ltr'><em>sio</em></span> <span class='ocrx_word' id='word_1_249' title='bbox 155 2315 392 2352; x_wconf 74' lang='grc' dir='ltr'><em>τελειοῦσθαι,</em></span> <span class='ocrx_word' id='word_1_250' title='bbox 432 2316 484 2347; x_wconf 86' lang='lat' dir='ltr'><em>ad</em></span> <span class='ocrx_word' id='word_1_251' title='bbox 530 2317 699 2348; x_wconf 88' lang='lat' dir='ltr'>virilem</span> 
     </span>
     <span class='ocr_line' id='line_1_39' title="bbox 61 2363 700 2403; baseline 0 -11"><span class='ocrx_word' id='word_1_252' title='bbox 61 2366 248 2393; x_wconf 81' lang='lat' dir='ltr'>aetatem</span> <span class='ocrx_word' id='word_1_253' title='bbox 294 2363 554 2402; x_wconf 88' lang='lat' dir='ltr'>pervenire,</span> <span class='ocrx_word' id='word_1_254' title='bbox 603 2363 700 2403; x_wconf 92' lang='lat' dir='ltr'>posi-</span> 
     </span>
     <span class='ocr_line' id='line_1_40' title="bbox 62 2407 697 2449; baseline 0 -11"><span class='ocrx_word' id='word_1_255' title='bbox 62 2414 134 2439; x_wconf 88' lang='lat' dir='ltr'><em>tum</em></span> <span class='ocrx_word' id='word_1_256' title='bbox 167 2412 233 2438; x_wconf 79' lang='lat' dir='ltr'><strong>est.</strong></span> <span class='ocrx_word' id='word_1_257' title='bbox 282 2407 331 2438; x_wconf 86' lang='lat' dir='ltr'><em>De</em></span> <span class='ocrx_word' id='word_1_258' title='bbox 363 2407 448 2448; x_wconf 86' lang='lat' dir='ltr'><strong>Rep.</strong></span> <span class='ocrx_word' id='word_1_259' title='bbox 480 2407 529 2438; x_wconf 90' lang='lat' dir='ltr'><em>II.</em></span> <span class='ocrx_word' id='word_1_260' title='bbox 559 2419 592 2449; x_wconf 90' lang='lat' dir='ltr'><em>p.</em></span> <span class='ocrx_word' id='word_1_261' title='bbox 618 2408 697 2442; x_wconf 79' lang='lat'><strong>371.</strong></span> 
     </span>
     <span class='ocr_line' id='line_1_41' title="bbox 62 2453 700 2486; baseline 0 -2"><span class='ocrx_word' id='word_1_262' title='bbox 62 2454 264 2485; x_wconf 80' lang='lat' dir='ltr'>Dictionem</span> <span class='ocrx_word' id='word_1_263' title='bbox 293 2453 471 2484; x_wconf 80' lang='lat' dir='ltr'>illustrant.</span> <span class='ocrx_word' id='word_1_264' title='bbox 503 2454 700 2486; x_wconf 79' lang='lat' dir='ltr'>Perizon.</span> 
     </span>
     <span class='ocr_line' id='line_1_42' title="bbox 62 2499 701 2541; baseline 0 -10"><span class='ocrx_word' id='word_1_265' title='bbox 62 2500 106 2531; x_wconf 81' lang='lat' dir='ltr'><em>ad</em></span> <span class='ocrx_word' id='word_1_266' title='bbox 135 2499 274 2530; x_wconf 85' lang='lat' dir='ltr'>Aelian.</span> <span class='ocrx_word' id='word_1_267' title='bbox 302 2499 345 2530; x_wconf 89' lang='lat' dir='ltr'><em>V.</em></span> <span class='ocrx_word' id='word_1_268' title='bbox 372 2499 415 2532; x_wconf 93' lang='lat' dir='ltr'><em>H.</em></span> <span class='ocrx_word' id='word_1_269' title='bbox 446 2499 508 2530; x_wconf 90' lang='lat' dir='ltr'><strong>1V.</strong></span> <span class='ocrx_word' id='word_1_270' title='bbox 527 2500 560 2533; x_wconf 91' lang='lat'><em>3.</em></span> <span class='ocrx_word' id='word_1_271' title='bbox 589 2501 701 2541; x_wconf 82' lang='lat' dir='ltr'>intpp.</span> 
     </span>
     <span class='ocr_line' id='line_1_43' title="bbox 63 2540 702 2586; baseline 0.002 -10"><span class='ocrx_word' id='word_1_272' title='bbox 63 2545 109 2577; x_wconf 79' lang='lat' dir='ltr'><em>ad</em></span> <span class='ocrx_word' id='word_1_273' title='bbox 139 2545 287 2578; x_wconf 88' lang='lat' dir='ltr'>Lucian.</span> <span class='ocrx_word' id='word_1_274' title='bbox 324 2545 400 2576; x_wconf 81' lang='lat' dir='ltr'><strong>Iov.</strong></span> <span class='ocrx_word' id='word_1_275' title='bbox 422 2540 538 2586; x_wconf 86' lang='lat' dir='ltr'><strong>’Trag.</strong></span> <span class='ocrx_word' id='word_1_276' title='bbox 578 2546 621 2577; x_wconf 81' lang='lat' dir='ltr'><em>T.</em></span> <span class='ocrx_word' id='word_1_277' title='bbox 653 2546 702 2577; x_wconf 89' lang='grc' dir='ltr'><em>ΙΙ.</em></span> 
     </span>
     <span class='ocr_line' id='line_1_44' title="bbox 64 2590 703 2632; baseline -0.005 -7"><span class='ocrx_word' id='word_1_278' title='bbox 64 2601 97 2632; x_wconf 89' lang='lat' dir='ltr'><em>p.</em></span> <span class='ocrx_word' id='word_1_279' title='bbox 121 2590 200 2625; x_wconf 84' lang='lat'><strong>663.</strong></span> <span class='ocrx_word' id='word_1_280' title='bbox 225 2591 279 2622; x_wconf 89' lang='lat' dir='ltr'><strong>ed.</strong></span> <span class='ocrx_word' id='word_1_281' title='bbox 308 2590 418 2624; x_wconf 76' lang='lat' dir='ltr'>Reitz.</span> <span class='ocrx_word' id='word_1_282' title='bbox 471 2591 561 2623; x_wconf 88' lang='lat' dir='ltr'>Inde</span> <span class='ocrx_word' id='word_1_283' title='bbox 586 2591 703 2623; x_wconf 73' lang='grc' dir='ltr'><em>τέλειοι</em></span> 
     </span>
     <span class='ocr_line' id='line_1_45' title="bbox 65 2637 702 2669; baseline 0.002 -1"><span class='ocrx_word' id='word_1_284' title='bbox 65 2637 191 2668; x_wconf 83' lang='lat' dir='ltr'>eximie</span> <span class='ocrx_word' id='word_1_285' title='bbox 225 2638 328 2668; x_wconf 86' lang='lat' dir='ltr'>etiam</span> <span class='ocrx_word' id='word_1_286' title='bbox 366 2643 535 2668; x_wconf 77' lang='lat' dir='ltr'><em>vocantur</em></span> <span class='ocrx_word' id='word_1_287' title='bbox 559 2638 702 2669; x_wconf 87' lang='lat' dir='ltr'>eoniu-</span> 
     </span>
     <span class='ocr_line' id='line_1_46' title="bbox 66 2683 700 2723; baseline 0.002 -10"><span class='ocrx_word' id='word_1_288' title='bbox 66 2684 166 2723; x_wconf 80' lang='lat' dir='ltr'><strong>gati.</strong></span> <span class='ocrx_word' id='word_1_289' title='bbox 194 2683 446 2723; x_wconf 81' lang='lat' dir='ltr'>Hesychius</span> <span class='ocrx_word' id='word_1_290' title='bbox 473 2694 499 2713; x_wconf 87' lang='lat' dir='ltr'><em>s.</em></span> <span class='ocrx_word' id='word_1_291' title='bbox 517 2694 548 2714; x_wconf 84' lang='lat' dir='ltr'><em>v.</em></span> <span class='ocrx_word' id='word_1_292' title='bbox 566 2683 700 2714; x_wconf 76' lang='grc' dir='ltr'><em>τέλειοι·</em></span> 
     </span>
     <span class='ocr_line' id='line_1_47' title="bbox 68 2727 699 2770; baseline 0.002 -11"><span class='ocrx_word' id='word_1_293' title='bbox 68 2727 104 2759; x_wconf 86' lang='grc' dir='ltr'><em>οἱ</em></span> <span class='ocrx_word' id='word_1_294' title='bbox 125 2728 368 2770; x_wconf 64' lang='grc' dir='ltr'><em>γεγαμηκότες,</em></span> <span class='ocrx_word' id='word_1_295' title='bbox 407 2741 437 2762; x_wconf 87' lang='lat' dir='ltr'><em>v.</em></span> <span class='ocrx_word' id='word_1_296' title='bbox 472 2730 699 2770; x_wconf 76' lang='lat' dir='ltr'><em>Spanhem.</em></span> 
     </span>
    </p>
   </div>
   <div class='ocr_carea' id='block_1_7' title="bbox 761 1761 1411 2770">
    <p class='ocr_par' dir='ltr' id='par_1_8' title="bbox 761 1761 1403 1897">
     <span class='ocr_line' id='line_1_48' title="bbox 765 1761 1402 1804; baseline -0.003 -9"><span class='ocrx_word' id='word_1_297' title='bbox 765 1764 874 1804; x_wconf 69' lang='lat' dir='ltr'>scliyl.</span> <span class='ocrx_word' id='word_1_298' title='bbox 903 1764 1053 1803; x_wconf 81' lang='lat' dir='ltr'><strong>Agamu.</strong></span> <span class='ocrx_word' id='word_1_299' title='bbox 1088 1773 1120 1793; x_wconf 90' lang='lat' dir='ltr'><em>v.</em></span> <span class='ocrx_word' id='word_1_300' title='bbox 1148 1762 1226 1796; x_wconf 76' lang='lat'><strong>945.</strong></span> <span class='ocrx_word' id='word_1_301' title='bbox 1253 1773 1295 1792; x_wconf 75' lang='grc' dir='ltr'>Ξ</span> <span class='ocrx_word' id='word_1_302' title='bbox 1322 1761 1402 1793; x_wconf 82' lang='grc'><strong>966.</strong></span> 
     </span>
     <span class='ocr_line' id='line_1_49' title="bbox 762 1807 1403 1841; baseline -0.003 0"><span class='ocrx_word' id='word_1_303' title='bbox 762 1810 816 1841; x_wconf 89' lang='lat' dir='ltr'><strong>ed.</strong></span> <span class='ocrx_word' id='word_1_304' title='bbox 836 1808 978 1840; x_wconf 67' lang='lat' dir='ltr'>Schiitz.</span> <span class='ocrx_word' id='word_1_305' title='bbox 999 1808 1223 1841; x_wconf 75' lang='lat' dir='ltr'>Ruhnken.</span> <span class='ocrx_word' id='word_1_306' title='bbox 1249 1807 1293 1839; x_wconf 86' lang='lat' dir='ltr'><em>ad</em></span> <span class='ocrx_word' id='word_1_307' title='bbox 1312 1807 1403 1839; x_wconf 88' lang='lat' dir='ltr'>Tim.</span> 
     </span>
     <span class='ocr_line' id='line_1_50' title="bbox 761 1855 900 1897; baseline -0.007 -10"><span class='ocrx_word' id='word_1_308' title='bbox 761 1867 795 1897; x_wconf 90' lang='lat' dir='ltr'><em>p.</em></span> <span class='ocrx_word' id='word_1_309' title='bbox 822 1855 900 1888; x_wconf 73' lang='grc'><em>225,</em></span> 
     </span>
    </p>

    <p class='ocr_par' dir='ltr' id='par_1_9' title="bbox 767 1895 1408 2218">
     <span class='ocr_line' id='line_1_51' title="bbox 809 1895 1407 1939; baseline -0.007 -8"><span class='ocrx_word' id='word_1_310' title='bbox 809 1900 848 1932; x_wconf 92' lang='lat' dir='ltr'><em>C.</em></span> <span class='ocrx_word' id='word_1_311' title='bbox 899 1898 1031 1939; x_wconf 84' lang='grc' dir='ltr'><em>ταύτῃ</em></span> <span class='ocrx_word' id='word_1_312' title='bbox 1067 1898 1141 1938; x_wconf 79' lang='grc' dir='ltr'><em>μὲν</em></span> <span class='ocrx_word' id='word_1_313' title='bbox 1189 1899 1255 1930; x_wconf 78' lang='grc' dir='ltr'><em>καὶ</em></span> <span class='ocrx_word' id='word_1_314' title='bbox 1301 1895 1407 1928; x_wconf 85' lang='grc' dir='ltr'><em>κατὰ</em></span> 
     </span>
     <span class='ocr_line' id='line_1_52' title="bbox 767 1943 1404 1986; baseline -0.003 -8"><span class='ocrx_word' id='word_1_315' title='bbox 767 1946 915 1986; x_wconf 79' lang='grc' dir='ltr'><em>ταῦτα]</em></span> <span class='ocrx_word' id='word_1_316' title='bbox 964 1945 1024 1977; x_wconf 77' lang='lat' dir='ltr'><em>Sic</em></span> <span class='ocrx_word' id='word_1_317' title='bbox 1056 1945 1152 1977; x_wconf 86' lang='lat' dir='ltr'><strong>Libr.</strong></span> <span class='ocrx_word' id='word_1_318' title='bbox 1187 1945 1234 1975; x_wconf 92' lang='lat' dir='ltr'><em>X.</em></span> <span class='ocrx_word' id='word_1_319' title='bbox 1266 1954 1300 1984; x_wconf 90' lang='lat' dir='ltr'><em>p.</em></span> <span class='ocrx_word' id='word_1_320' title='bbox 1325 1943 1404 1976; x_wconf 84' lang='grc'>889.</span> 
     </span>
     <span class='ocr_line' id='line_1_53' title="bbox 767 1986 1405 2031; baseline -0.008 -7"><span class='ocrx_word' id='word_1_321' title='bbox 767 1993 807 2024; x_wconf 89' lang='lat' dir='ltr'><em>C.</em></span> <span class='ocrx_word' id='word_1_322' title='bbox 829 1990 932 2031; x_wconf 83' lang='grc' dir='ltr'><em>ταύτῃ</em></span> <span class='ocrx_word' id='word_1_323' title='bbox 959 1996 1014 2022; x_wconf 77' lang='grc' dir='ltr'><em>καὶ</em></span> <span class='ocrx_word' id='word_1_324' title='bbox 1041 1989 1123 2022; x_wconf 77' lang='grc' dir='ltr'><em>κατὰ</em></span> <span class='ocrx_word' id='word_1_325' title='bbox 1151 1992 1255 2022; x_wconf 85' lang='grc' dir='ltr'><em>ταῦτα</em></span> <span class='ocrx_word' id='word_1_326' title='bbox 1282 1986 1405 2020; x_wconf 73' lang='grc' dir='ltr'><em>οὕτως.</em></span> 
     </span>
     <span class='ocr_line' id='line_1_54' title="bbox 768 2032 1405 2080; baseline -0.008 -10"><span class='ocrx_word' id='word_1_327' title='bbox 768 2039 826 2070; x_wconf 88' lang='lat' dir='ltr'><strong>Vl.</strong></span> <span class='ocrx_word' id='word_1_328' title='bbox 853 2049 886 2080; x_wconf 88' lang='lat' dir='ltr'><em>p.</em></span> <span class='ocrx_word' id='word_1_329' title='bbox 913 2037 990 2071; x_wconf 79' lang='lat'><strong>765.</strong></span> <span class='ocrx_word' id='word_1_330' title='bbox 1016 2036 1058 2069; x_wconf 92' lang='grc' dir='ltr'><em>Β.</em></span> <span class='ocrx_word' id='word_1_331' title='bbox 1095 2035 1178 2069; x_wconf 83' lang='grc' dir='ltr'><em>κατὰ</em></span> <span class='ocrx_word' id='word_1_332' title='bbox 1215 2032 1318 2067; x_wconf 79' lang='grc' dir='ltr'><em>ταύτὰ</em></span> <span class='ocrx_word' id='word_1_333' title='bbox 1351 2035 1405 2065; x_wconf 84' lang='grc' dir='ltr'><em>καὶ</em></span> 
     </span>
     <span class='ocr_line' id='line_1_55' title="bbox 768 2079 1404 2125; baseline -0.008 -9"><span class='ocrx_word' id='word_1_334' title='bbox 768 2082 881 2125; x_wconf 75' lang='grc' dir='ltr'><em>ταύτῃ.</em></span> <span class='ocrx_word' id='word_1_335' title='bbox 908 2084 975 2117; x_wconf 86' lang='lat' dir='ltr'><strong>III.</strong></span> <span class='ocrx_word' id='word_1_336' title='bbox 1001 2093 1034 2124; x_wconf 81' lang='lat' dir='ltr'><em>P.</em></span> <span class='ocrx_word' id='word_1_337' title='bbox 1060 2083 1139 2117; x_wconf 86' lang='grc'><em>681.</em></span> <span class='ocrx_word' id='word_1_338' title='bbox 1167 2083 1212 2114; x_wconf 92' lang='lat' dir='ltr'><em>D.</em></span> <span class='ocrx_word' id='word_1_339' title='bbox 1241 2079 1333 2113; x_wconf 78' lang='grc' dir='ltr'><em>οὕτω</em></span> <span class='ocrx_word' id='word_1_340' title='bbox 1350 2081 1404 2112; x_wconf 86' lang='grc' dir='ltr'><em>καὶ</em></span> 
     </span>
     <span class='ocr_line' id='line_1_56' title="bbox 768 2125 1408 2171; baseline -0.008 -9"><span class='ocrx_word' id='word_1_341' title='bbox 768 2128 881 2171; x_wconf 77' lang='grc' dir='ltr'><em>ταύτῃ.</em></span> <span class='ocrx_word' id='word_1_342' title='bbox 910 2130 974 2161; x_wconf 91' lang='lat' dir='ltr'><em>IV.</em></span> <span class='ocrx_word' id='word_1_343' title='bbox 1002 2140 1035 2170; x_wconf 82' lang='lat' dir='ltr'><strong>p.</strong></span> <span class='ocrx_word' id='word_1_344' title='bbox 1063 2129 1142 2164; x_wconf 83' lang='lat'><strong>714.</strong></span> <span class='ocrx_word' id='word_1_345' title='bbox 1169 2129 1212 2160; x_wconf 92' lang='grc' dir='ltr'><em>Ι).</em></span> <span class='ocrx_word' id='word_1_346' title='bbox 1242 2125 1334 2159; x_wconf 78' lang='grc' dir='ltr'><em>οὕτω</em></span> <span class='ocrx_word' id='word_1_347' title='bbox 1354 2128 1408 2158; x_wconf 85' lang='grc' dir='ltr'><em>καὶ</em></span> 
     </span>
     <span class='ocr_line' id='line_1_57' title="bbox 767 2173 1291 2218; baseline -0.01 -8"><span class='ocrx_word' id='word_1_348' title='bbox 767 2175 882 2218; x_wconf 75' lang='grc' dir='ltr'><em>ταύτῃ.</em></span> <span class='ocrx_word' id='word_1_349' title='bbox 909 2176 1000 2207; x_wconf 85' lang='lat' dir='ltr'><strong>conf.</strong></span> <span class='ocrx_word' id='word_1_350' title='bbox 1028 2177 1073 2207; x_wconf 85' lang='lat' dir='ltr'><em>ad</em></span> <span class='ocrx_word' id='word_1_351' title='bbox 1095 2187 1127 2217; x_wconf 83' lang='lat' dir='ltr'><strong>p.</strong></span> <span class='ocrx_word' id='word_1_352' title='bbox 1148 2175 1227 2209; x_wconf 82' lang='grc'><strong>915.</strong></span> <span class='ocrx_word' id='word_1_353' title='bbox 1253 2173 1291 2207; x_wconf 90' lang='lat' dir='ltr'><strong>C.</strong></span> 
     </span>
    </p>

    <p class='ocr_par' dir='ltr' id='par_1_10' title="bbox 767 2219 1407 2400">
     <span class='ocr_line' id='line_1_58' title="bbox 815 2219 1404 2262; baseline -0.01 -7"><span class='ocrx_word' id='word_1_354' title='bbox 815 2220 911 2255; x_wconf 84' lang='grc' dir='ltr'><em>υἱὸν</em></span> <span class='ocrx_word' id='word_1_355' title='bbox 957 2219 1166 2262; x_wconf 78' lang='grc' dir='ltr'><em>βούληται</em></span> <span class='ocrx_word' id='word_1_356' title='bbox 1215 2219 1404 2256; x_wconf 73' lang='grc' dir='ltr'><em>θέσθαι1</em></span> 
     </span>
     <span class='ocr_line' id='line_1_59' title="bbox 767 2266 1407 2309; baseline -0.009 -8"><span class='ocrx_word' id='word_1_357' title='bbox 767 2271 835 2302; x_wconf 85' lang='lat' dir='ltr'>Hie</span> <span class='ocrx_word' id='word_1_358' title='bbox 883 2266 1042 2299; x_wconf 77' lang='grc' dir='ltr'><em>θέσθαι.</em></span> <span class='ocrx_word' id='word_1_359' title='bbox 1074 2268 1252 2309; x_wconf 79' lang='lat' dir='ltr'>significat</span> <span class='ocrx_word' id='word_1_360' title='bbox 1303 2266 1407 2303; x_wconf 87' lang='lat' dir='ltr'>idem,</span> 
     </span>
     <span class='ocr_line' id='line_1_60' title="bbox 768 2313 1406 2357; baseline -0.009 -10"><span class='ocrx_word' id='word_1_361' title='bbox 768 2317 863 2357; x_wconf 90' lang='lat' dir='ltr'>quod</span> <span class='ocrx_word' id='word_1_362' title='bbox 878 2313 1064 2351; x_wconf 79' lang='grc' dir='ltr'><em>ποιεῖσθαι,</em></span> <span class='ocrx_word' id='word_1_363' title='bbox 1082 2315 1115 2345; x_wconf 92' lang='lat' dir='ltr'><em>h.</em></span> <span class='ocrx_word' id='word_1_364' title='bbox 1131 2324 1160 2345; x_wconf 87' lang='lat' dir='ltr'><strong>e.</strong></span> <span class='ocrx_word' id='word_1_365' title='bbox 1180 2314 1406 2352; x_wconf 79' lang='lat' dir='ltr'><strong>adoptare.</strong></span> 
     </span>
     <span class='ocr_line' id='line_1_61' title="bbox 768 2356 1370 2400; baseline -0.008 -7"><span class='ocrx_word' id='word_1_366' title='bbox 768 2362 873 2395; x_wconf 84' lang='lat' dir='ltr'>Mox:</span> <span class='ocrx_word' id='word_1_367' title='bbox 902 2358 1010 2391; x_wconf 77' lang='grc' dir='ltr'><em>θετὸν</em></span> <span class='ocrx_word' id='word_1_368' title='bbox 1036 2358 1115 2391; x_wconf 79' lang='grc' dir='ltr'><em>υἱὸν</em></span> <span class='ocrx_word' id='word_1_369' title='bbox 1141 2356 1370 2400; x_wconf 78' lang='grc' dir='ltr'><em>ποιήσασθαι.</em></span> 
     </span>
    </p>

    <p class='ocr_par' dir='ltr' id='par_1_11' title="bbox 769 2401 1408 2584">
     <span class='ocr_line' id='line_1_62' title="bbox 837 2401 1406 2448; baseline -0.009 -10"><span class='ocrx_word' id='word_1_370' title='bbox 837 2405 883 2439; x_wconf 86' lang='grc' dir='ltr'><em>τὰ</em></span> <span class='ocrx_word' id='word_1_371' title='bbox 922 2404 999 2448; x_wconf 80' lang='grc' dir='ltr'><em>γὰρ</em></span> <span class='ocrx_word' id='word_1_372' title='bbox 1040 2407 1119 2437; x_wconf 80' lang='grc' dir='ltr'><em>τῶν</em></span> <span class='ocrx_word' id='word_1_373' title='bbox 1155 2404 1263 2436; x_wconf 81' lang='grc' dir='ltr'><em>νέων</em></span> <span class='ocrx_word' id='word_1_374' title='bbox 1299 2401 1406 2445; x_wconf 76' lang='grc' dir='ltr'><em>ἤθη]</em></span> 
     </span>
     <span class='ocr_line' id='line_1_63' title="bbox 769 2449 1407 2486; baseline -0.009 0"><span class='ocrx_word' id='word_1_375' title='bbox 769 2454 908 2486; x_wconf 84' lang='lat' dir='ltr'>Laudat</span> <span class='ocrx_word' id='word_1_376' title='bbox 932 2451 1157 2484; x_wconf 79' lang='lat' dir='ltr'><em>stobaeus</em></span> <span class='ocrx_word' id='word_1_377' title='bbox 1184 2449 1342 2482; x_wconf 89' lang='lat' dir='ltr'>Sermon.</span> <span class='ocrx_word' id='word_1_378' title='bbox 1365 2450 1407 2480; x_wconf 92' lang='lat' dir='ltr'><em>L.</em></span> 
     </span>
     <span class='ocr_line' id='line_1_64' title="bbox 771 2498 1408 2541; baseline -0.008 -9"><span class='ocrx_word' id='word_1_379' title='bbox 771 2511 803 2541; x_wconf 89' lang='lat' dir='ltr'><em>p.</em></span> <span class='ocrx_word' id='word_1_380' title='bbox 818 2500 897 2534; x_wconf 83' lang='lat'><strong>358.</strong></span> <span class='ocrx_word' id='word_1_381' title='bbox 920 2498 974 2532; x_wconf 79' lang='lat'><strong>19.</strong></span> <span class='ocrx_word' id='word_1_382' title='bbox 1001 2500 1060 2539; x_wconf 91' lang='lat' dir='ltr'>qui</span> <span class='ocrx_word' id='word_1_383' title='bbox 1086 2499 1189 2529; x_wconf 83' lang='lat' dir='ltr'>etiam</span> <span class='ocrx_word' id='word_1_384' title='bbox 1214 2498 1303 2529; x_wconf 82' lang='lat' dir='ltr'>alias</span> <span class='ocrx_word' id='word_1_385' title='bbox 1328 2506 1408 2528; x_wconf 84' lang='lat' dir='ltr'><em>con-</em></span> 
     </span>
     <span class='ocr_line' id='line_1_65' title="bbox 770 2543 1300 2584; baseline -0.008 -6"><span class='ocrx_word' id='word_1_386' title='bbox 770 2546 902 2578; x_wconf 83' lang='lat' dir='ltr'>similes</span> <span class='ocrx_word' id='word_1_387' title='bbox 927 2545 1120 2576; x_wconf 82' lang='lat' dir='ltr'>sententias</span> <span class='ocrx_word' id='word_1_388' title='bbox 1146 2543 1300 2584; x_wconf 83' lang='lat' dir='ltr'>collegit.</span> 
     </span>
    </p>

    <p class='ocr_par' dir='ltr' id='par_1_12' title="bbox 771 2587 1411 2770">
     <span class='ocr_line' id='line_1_66' title="bbox 817 2587 1408 2631; baseline -0.007 -8"><span class='ocrx_word' id='word_1_389' title='bbox 817 2589 917 2623; x_wconf 73' lang='grc' dir='ltr'><em>τοὺς</em></span> <span class='ocrx_word' id='word_1_390' title='bbox 944 2590 1022 2621; x_wconf 77' lang='grc' dir='ltr'><em>τῶν</em></span> <span class='ocrx_word' id='word_1_391' title='bbox 1048 2587 1263 2631; x_wconf 72' lang='grc' dir='ltr'><em>ἐπιγόνων</em></span> <span class='ocrx_word' id='word_1_392' title='bbox 1282 2587 1408 2627; x_wconf 65' lang='grc' dir='ltr'><em>ἐπιμ]</em></span> 
     </span>
     <span class='ocr_line' id='line_1_67' title="bbox 771 2633 1411 2678; baseline -0.008 -9"><span class='ocrx_word' id='word_1_393' title='bbox 771 2637 875 2670; x_wconf 89' lang='lat' dir='ltr'><strong>Conf.</strong></span> <span class='ocrx_word' id='word_1_394' title='bbox 912 2648 945 2678; x_wconf 87' lang='lat' dir='ltr'><em>p.</em></span> <span class='ocrx_word' id='word_1_395' title='bbox 977 2635 1056 2670; x_wconf 76' lang='lat'><strong>923.</strong></span> <span class='ocrx_word' id='word_1_396' title='bbox 1086 2636 1130 2667; x_wconf 95' lang='lat' dir='ltr'><strong>D.</strong></span> <span class='ocrx_word' id='word_1_397' title='bbox 1162 2636 1204 2666; x_wconf 89' lang='lat' dir='ltr'><em>E.</em></span> <span class='ocrx_word' id='word_1_398' title='bbox 1241 2635 1320 2666; x_wconf 77' lang='grc' dir='ltr'><em>τῶν</em></span> <span class='ocrx_word' id='word_1_399' title='bbox 1350 2633 1411 2665; x_wconf 77' lang='grc' dir='ltr'><em>εἰς</em></span> 
     </span>
     <span class='ocr_line' id='line_1_68' title="bbox 771 2680 1410 2725; baseline -0.005 -10"><span class='ocrx_word' id='word_1_400' title='bbox 771 2680 994 2717; x_wconf 78' lang='grc' dir='ltr'><em>ἀποικίαν,</em></span> <span class='ocrx_word' id='word_1_401' title='bbox 1039 2692 1206 2720; x_wconf 79' lang='lat' dir='ltr'>eorum,</span> <span class='ocrx_word' id='word_1_402' title='bbox 1240 2682 1326 2725; x_wconf 22' lang='lat' dir='ltr'>*qui</span> <span class='ocrx_word' id='word_1_403' title='bbox 1367 2682 1410 2712; x_wconf 86' lang='lat' dir='ltr'>in</span> 
     </span>
     <span class='ocr_line' id='line_1_69' title="bbox 772 2729 1369 2770; baseline -0.003 -11"><span class='ocrx_word' id='word_1_404' title='bbox 772 2731 991 2761; x_wconf 72' lang='lat' dir='ltr'>coloniam</span> <span class='ocrx_word' id='word_1_405' title='bbox 1018 2729 1224 2760; x_wconf 79' lang='lat' dir='ltr'>mittendi</span> <span class='ocrx_word' id='word_1_406' title='bbox 1259 2733 1369 2770; x_wconf 64' lang='lat' dir='ltr'><strong>sunt.</strong></span> 
     </span>
    </p>
   </div>
   <div class='ocr_carea' id='block_1_8' title="bbox 1439 391 1475 432">
    <p class='ocr_par' dir='ltr' id='par_1_13' title="bbox 1439 391 1475 432">
     <span class='ocr_line' id='line_1_70' title="bbox 1439 391 1475 432; baseline 0 -6"><span class='ocrx_word' id='word_1_407' title='bbox 1439 391 1475 432; x_wconf 82' lang='lat' dir='ltr'>C</span> 
     </span>
    </p>
   </div>
  </div>
 </body>
</html>
