1781 2971
282 134 363 176 258
695 181 698 187 ‚
826 130 1195 174 PhATOle

283 248 397 302 νόσῳ
432 246 458 299 ἦ
496 250 569 289 καὶ
606 252 735 301 ἑτέρῳ
773 251 857 289 τινὶ
893 247 1044 302 ἀδήλῳ
1084 256 1178 298 τοῖς
1208 251 1391 298 πολλοῖς
1425 248 1642 303 νοσήματι

282 316 435 370 μακρῷ
475 318 548 357 καὶ
586 313 774 366 δυςιάτῳ
813 314 925 356 κατὰ
964 316 1011 357 τὸ
1052 317 1175 370 σῶμα
1215 313 1238 366 ἢ
1275 314 1386 358 κατὰ
1427 313 1509 366 τὴν
1546 316 1643 358 διά·

283 398 429 436 νοιαν,
466 380 543 424 ὲάν
578 383 655 436 μέν
693 381 829 434 ἰατρῷ
870 397 931 430 τις
976 380 999 433 ἢ
1037 384 1280 442 γυμναστῇ,
1316 380 1373 436 μὴ
1409 381 1644 436 ἀναγωγῆς

284 454 389 493 ἔστω
425 447 571 502 τούτῳ
607 444 718 503 πρὸς
764 445 844 490 τὸν
879 449 1086 491 τοιοῦτον
1132 448 1384 504 τυγχάνειν,
1434 451 1541 503 μηδὲ
1585 447 1642 491 ἂν

287 515 487 567 τάληθές
522 532 586 565 τις
622 512 843 570 προειπών
880 514 1112 558 ἀποδῶταί
1149 533 1221 570 τῳ.
1258 521 1337 558 ὲαν
1373 517 1416 559 δέ
1436 531 1500 565 τις
1529 513 1644 557 ἰδιώ-

286 598 338 642 τῃ
367 598 410 624 τι
445 583 533 624 τῶν
583 580 798 624 τοιούτων
841 580 1070 624 ἀποδῶται
1108 581 1395 639 δημιουργός,
1443 579 1465 624 ὁ
1514 584 1641 636 πριά-

285 665 417 703 μενος
436 648 561 697 ἐντὸς
585 647 773 702 ἑκμήνου
809 647 1021 702 ἀναγέτω,
1059 648 1171 700 πλὴν
1198 652 1277 700 τῆς
1296 651 1439 704 ἱερᾶς·
1481 649 1646 700 ταύτης

287 715 325 759 δ’
376 713 501 765 ἐντὸς
547 716 754 758 ἐνιαυτοῦ
801 712 882 766 τὴν
929 715 1170 769 ἀναγωγὴν
1215 716 1365 767 ἐξέστω
1412 718 1644 757 ποιεῖσθαι

285 784 365 834 τῆς
402 782 560 825 νόσου·
598 782 918 832 διαδικαζέσθω
956 784 999 824 δὲ
1036 786 1080 825 ἕν
1118 798 1203 824 τισι
1235 785 1323 824 τῶν
1346 783 1528 837 ἰατρῶν,
1568 779 1645 829 οὓς

285 848 343 892 ἄν
380 851 502 908 κοινῇ
540 847 869 903 προβαλόμενοι
903 850 1104 890 ἕλωνται·
1141 849 1220 891 τον
1254 852 1298 891 δὲ
1328 848 1526 907 ὅφλοντα
1564 847 1644 900 τὴν

288 918 410 967 δίκην
445 914 681 958 διπλάσιον
716 916 946 956 ἀποτίνειν
984 917 1062 966 τῆς
1085 918 1210 970 τιμῆς
1248 910 1298 967 ἧς
1320 913 1377 957 ἂν
1399 915 1644 957 ἀποδῶται.

287 980 366 1025 ἐὰν
402 984 446 1025 δὲ
483 981 631 1042 ἰδιώτῃ
668 999 733 1031 τις
769 981 959 1033 ἰδιώτης,
995 981 1234 1036 ἀναγωγὴν
1268 985 1348 1035 μὲν
1386 981 1519 1032 εἶναι,
1568 999 1646 1024 κα-

235 1053 242 1068 ¹
286 1048 440 1104 θάπερ
478 1051 550 1091 καί
588 1057 680 1098 τοῖς
717 1047 921 1102 πρόσθεν
959 1047 1163 1107 ἐρρήθη,
1209 1052 1282 1091 καὶ
1329 1047 1411 1100 τὴν
1449 1050 1645 1090 διαδικα-

290 1120 403 1167 σίαν,
441 1113 464 1158 ὁ
503 1117 546 1158 δὲ
585 1112 736 1174 ὅφλων
781 1114 863 1166 τὴν
902 1115 1032 1169 τιμὴν
1068 1114 1217 1167 ἁπλῆν
1251 1114 1519 1158 ἀποτινέτω·
1567 1112 1646 1157 ὲάν

289 1185 334 1226 δὲ
370 1180 662 1240 ἀνδροφόνον
706 1181 940 1224 ἀποδῶταί
986 1186 1050 1232 τίς
1093 1199 1177 1224 τινι
1227 1181 1357 1225 εἰδότι
1394 1184 1473 1236 μὲν
1511 1181 1646 1231 εἰδώς,

288 1248 349 1305 μὴ
385 1254 629 1304 τυγχανέτω
666 1247 902 1302 ἀναγωγῆς
948 1251 1028 1292 τοῦ
1065 1248 1274 1292 τοιούτου
1310 1251 1388 1300 τῆς
1433 1248 1645 1305 πράσεως,

286 1315 348 1372 μὴ
385 1315 519 1359 εἰδότι
555 1317 599 1358 δὲ
638 1313 719 1367 τὴν
754 1317 833 1369 μὲν
875 1314 1111 1370 ἀναγωγὴν
1149 1315 1259 1359 εἶναι
1292 1315 1405 1368 τότε,
1440 1313 1552 1359 ὅταν
1582 1331 1646 1364 τις

289 1383 511 1435 αἴσθηται
547 1384 634 1424 τῶν
672 1386 946 1437 πριαμένων,
992 1387 1037 1425 ἐν
1083 1387 1207 1425 πέντε
1245 1386 1288 1426 δὲ
1323 1385 1411 1425 τῶν
1446 1377 1646 1441 νομοφυ-

287 1448 435 1493 λάκων
472 1457 565 1500 τοῖς
601 1448 840 1499 νεωτάτοις
877 1447 987 1492 εἶναι
1027 1449 1108 1503 τὴν
1141 1453 1309 1505 κρίσιν,
1350 1448 1472 1500 εἰδώς
1508 1453 1552 1493 δὲ
1588 1447 1647 1493 ἂν

289 1519 443 1577 κριθῇ,
485 1516 568 1567 τάς
603 1533 648 1559 τε
687 1519 827 1566 οἰκίας
860 1518 939 1559 τοῦ
971 1520 1213 1573 πριαμένου
1248 1516 1495 1573 καθηράτω
1530 1516 1644 1560 κατά

290 1582 370 1628 τὸν
405 1584 492 1626 τῶν
527 1583 745 1638 ἐξηγητῶν
780 1581 943 1638 νόμον,
981 1585 1059 1635 τῆς
1094 1585 1223 1639 τιμῆς
1259 1601 1302 1627 τε
1337 1581 1547 1627 ἀποδότω
1585 1586 1646 1639 τῷ

289 1655 515 1707 πριαμένῳ
552 1647 827 1705 τριπλάσιον.

393 1714 505 1776 Cap.
545 1714 628 1760 ΙΙΙ.
679 1714 722 1761 Ὁ
772 1718 817 1759 δὲ
860 1714 1191 1771 ἀλλαττόμενος
1239 1713 1266 1769 ἢ
1305 1715 1500 1772 νόμισμα
1544 1718 1647 1761 ἀντὶ

1430 1781 1446 1797 ss

289 1787 562 1839 νομίσματος
599 1780 624 1836 ἣ
663 1784 735 1826 καὶ
772 1783 860 1826 τῶν
896 1780 1043 1825 ἄλλων
1078 1781 1199 1836 ζώων
1232 1781 1386 1827 ὁτιοῦν
1423 1802 1450 1836 η
1487 1783 1646 1841 καὶμὴ

380 1880 420 1911 B.
447 1877 573 1916 ἐντός
601 1878 817 1922 ἑκμήνου]
853 1878 913 1911 Sic
940 1878 1203 1914 A.J2.v.f.a.c.
1232 1885 1266 1914 et
1300 1886 1462 1924 corrupte
1483 1882 1557 1915 aa.
1584 1893 1646 1925 pro

290 1927 379 1968 vulg.
405 1924 585 1967 ἑξαμήνου.

381 1969 716 2014 προβαλόμενοι
739 1970 941 2014 ἕλωνται]
975 1971 1033 2004 Sic
1060 1972 1146 2014 Ang.
1181 1970 1274 2003 Flor.
1302 1969 1402 2015 c.{et
1432 1982 1482 2014 pr.
1511 1974 1554 2005 A.
1583 1984 1645 2016 pro

290 2018 381 2059 vulg.
410 2014 703 2059 προβαλλόμενοι.

383 2062 423 2094 C.
448 2060 499 2104 μή
529 2060 671 2094 εἰδότι
697 2062 740 2095 δὲ
770 2059 806 2103 τι)
821 2062 850 2105 ν]
874 2061 920 2105 μὴ
949 2063 982 2095 δὲ
1007 2061 1118 2096 εἰδότι
1145 2064 1184 2096 Α.
1210 2066 1245 2095 et
1269 2073 1356 2096 corr.
1382 2062 1445 2103 Ω.,
1471 2063 1562 2105 quod
1589 2074 1646 2097 su·

290 2108 400 2149 scepit
424 2107 623 2141 Schneider.

383 2154 423 2185 D.
451 2153 494 2185 τό
523 2155 738 2185 τοιοῦτον
764 2151 986 2196 πολλάκις]
1017 2151 1056 2184 τὸ
1086 2164 1155 2185 om.
1183 2157 1220 2186 Α.
1249 2157 1282 2185 et
1307 2163 1359 2195 pr.
1385 2153 1434 2185 Ω.

383 2199 423 2232 Ε.
451 2199 724 2240 ζημιοῦνταί
746 2209 791 2231 τε
812 2199 877 2230 καὶ
902 2197 1009 2241 ζημ.]
1039 2208 1076 2230 τε
1101 2209 1169 2231 om.
1196 2202 1235 2232 Α.
1260 2208 1310 2240 pr.
1335 2199 1383 2230 [A.

387 2244 423 2276 P.
449 2245 528 2281 917.
561 2241 635 2282 οὓς
667 2243 897 2277 αἰδεῖσθαι
929 2247 1029 2276 πᾶσι
1056 2243 1242 2286 πάντας]
1276 2247 1360 2276 πᾶσι
1393 2254 1435 2277 ex
1468 2243 1645 2279 A.52.h.r.

289 2336 340 2366 μα
366 2328 400 2356 et
425 2322 510 2356 κατὰ
537 2322 600 2365 τήν
619 2321 787 2364 διάνοιαν,
814 2323 936 2357 eodem
1004 2335 1066 2357 νου
1092 2327 1259 2366 usurpato
1285 2323 1368 2357 dixit
1393 2325 1577 2360 Lobeek.
1603 2327 1645 2360 ad

291 2368 398 2402 modo
413 2369 557 2404 ΤΙιεοεῐ.
577 2380 611 2411 p.
628 2369 706 2404 173.
726 2369 765 2403 Ε.
790 2369 935 2402 phaedr.
1005 2369 1187 2412 Phrynich.
1215 2381 1248 2412 p.
1269 2369 1349 2404 413.
1367 2390 1409 2394 —
1436 2369 1514 2413 πλῆ
1530 2385 1548 2404 ν
1573 2373 1648 2414 τῆς

293 2425 327 2456 p.
352 2415 431 2449 239.
463 2415 501 2448 B.
528 2415 634 2457 Reip.
665 2416 714 2448 11.
740 2426 772 2457 p.
793 2415 872 2450 371.
897 2416 935 2448 D.
1007 2416 1148 2458 ἱερᾶς,
1187 2418 1247 2450 int.
1283 2416 1411 2456 νόσου,
1460 2424 1646 2461 excepto

291 2460 404 2502 Legg.
439 2461 520 2494 VII.
553 2472 584 2504 p.
618 2460 696 2496 816.
730 2461 776 2494 D.
809 2461 870 2494 ΧΙ.
901 2472 934 2504 p.
1007 2463 1162 2494 morbo
1189 2463 1433 2503 comitiali,
1472 2464 1495 2495 i.
1522 2475 1551 2496 e.
1587 2475 1645 2497 ex-

291 2506 371 2540 925.
405 2506 442 2538 E.
472 2508 514 2540 al.
1004 2512 1107 2548 cepto
1139 2518 1202 2548 eo,
1240 2509 1293 2549 qui
1327 2508 1449 2542 morbo
1481 2510 1646 2544 comitiali

338 2552 379 2585 B.
412 2550 486 2584 ἐὰν
510 2551 558 2585 δέ
584 2560 649 2584 τις
673 2549 855 2593 ἰδιώτῃ]
889 2552 934 2584 Η.
1005 2554 1147 2586 laborat.
1195 2554 1274 2586 Mox
1301 2553 1433 2596 ἰδιώτης
1458 2565 1575 2589 rursus
1603 2556 1647 2589 de

293 2607 324 2630 e.
349 2597 398 2637 ei,
430 2598 487 2639 qui
521 2608 586 2630 non
621 2599 667 2629 sit
694 2597 849 2630 medicus
874 2603 933 2631 aut
1003 2600 1051 2632 τοῦ
1078 2600 1238 2642 imperito
1265 2599 1510 2641 accipiendum.

290 2647 509 2685 gymnastes;
548 2654 578 2678 v.
612 2645 655 2676 ad
688 2642 870 2676 Theaetet.
902 2655 932 2687 p.
1050 2645 1135 2688 Cap.
1166 2645 1234 2679 111.
1261 2645 1304 2679 D.
1341 2642 1450 2686 ἢκαὶ
1475 2650 1552 2679 τῶν
1577 2645 1643 2678 ἄλ-

293 2688 373 2724 178.
401 2688 437 2720 Β.
477 2688 528 2722 De
553 2687 698 2731 ἑκμήνου
727 2699 789 2731 pro
815 2689 932 2731 ἓξαμή-
1004 2691 1081 2723 λων
1115 2690 1246 2733 ζώων]
1293 2690 1349 2724 De
1382 2692 1499 2725 addito
1532 2690 1648 2726 ἄλλων

1735 188 1750 252 ι

1735 253 1749 343 ἒ

1774 2477 1781 2648 „vs-n„,‹
1777 2360 1781 2426 .—„
