1781 2971
242 518 274 556 B

309 135 390 177 ⁵200
787 132 1171 177 PLATONIS

408 251 506 292 ΚΛ.
576 244 830 304 Ὀρθότατοί
871 266 916 303 2⁸
953 251 1100 294 εἰπών.

411 316 508 359 ΑΘ.
583 316 758 359 Οὐκοῦν
794 314 873 358 τόν
899 333 944 369 γε
975 316 1087 360 θεὸν
1115 316 1166 359 οὐ
1202 315 1359 373 ῥητέον
1395 323 1506 374 ἔχειν
1536 313 1655 371 ἦθος

308 385 517 424 τοιοῦτον
551 379 573 424 ὅ
616 387 661 436 μ’.
696 398 764 424 τοι
809 381 946 432 αὐτὸς
991 392 1128 438 μισεῖ,
1174 385 1233 437 τῷ
1279 388 1323 427 τέ
1368 399 1408 427 τι
1445 388 1654 429 τοιοῦτον

304 450 596 504 φθέγγεσθαι
633 452 881 504 πειρωμένῳ
918 450 998 492 οὐκ
1033 455 1326 505 ἐπιτρεπτέον.
1363 471 1370 476 ’

406 516 510 558 ΚΛ.
587 515 648 558 (Ιὺ
685 517 766 571 μὲν
802 514 881 566 dri·
923 518 1013 566 πῶς
1047 515 1134 572 γάρ
1169 513 1253 567 div,

411 583 506 625 ΑΘ.
566 577 643 625 Ὧι
678 580 730 635 δὴ
779 583 985 639 προςήκει
1029 585 1109 637 μὲν
1155 581 1365 637 πράττειν
1399 585 1472 626 καὶ
1511 589 1654 639 ἐπιμε-

305 651 484 691 λεῖσθαι
523 648 821 708 διαφερόντως
859 651 992 700 τινός,
1031 648 1054 693 ὁ
1081 651 1125 692 δὲ
1163 649 1327 693 τούτου
1351 668 1398 704 γε
1432 652 1538 701 νοῦς
1567 653 1654 694 τῶν

302 717 382 769 μὲν
403 715 604 770 μεγάλων
631 719 909 769 ἐπιμελεῖται,
936 718 1025 760 τῶν
1050 717 1243 772 σμικρῶν
1268 718 1311 759 δὲ
1336 715 1498 771 ἀμελεῖ,
1536 716 1651 760 κατὰ

303 784 403 824 τίνα
447 785 734 833 ἐπαινοῦντες
780 782 859 826 τὸν
907 786 1113 828 τοιοῦτον
1148 782 1286 838 λόγον
1331 782 1411 826 οὐκ
1447 781 1505 826 ἂν
1542 801 1654 827 παν-

304 849 468 891 τάπασι
507 853 859 905 πλημμελοῖμενς
894 853 1126 906 σκοπῶμεν
1163 852 1208 893 δὲ
1246 844 1341 893 ὧδε.
1379 843 1452 906 ἆρ’
1494 850 1546 894 οὐ
1577 869 1653 894 κα-
1711 857 1715 869 ’

302 915 358 958 τὰ
404 916 482 958 δύο
529 916 618 968 εἴδη
659 915 709 960 τὸ
760 919 970 961 τοιοῦτον
1015 914 1194 975 πράττει
1235 915 1258 959 ὁ
1296 916 1525 974 πράττων,
1570 917 1652 961 εἴτε

304 981 416 1032 θεὸς
453 983 530 1025 εἴτ’
575 981 846 1040 ἅνθρωποςς

406 1050 508 1092 KA.
587 1052 707 1094 Ποίω
746 1049 798 1102 δὴ
837 1055 1043 1106 hyopam

400 1118 498 1159 ΑΘ.
563 1115 623 1160 Ἠ
660 1119 874 1176 διαφέρον
914 1117 1043 1160 οὐδὲν
1080 1114 1283 1172 οἰόμενος
1319 1116 1428 1160 εἶναι
1466 1117 1526 1172 τῷ
1560 1115 1649 1172 ὅλῳ

396 1223 412 1233 η

391 1238 408 1256 ο
447 1227 492 1267 γε’
530 1237 591 1258 ιοι
628 1223 762 1260 αὐτὸς
797 1227 935 1268 μισεῖ]
965 1227 1007 1258 V.
1041 1239 1079 1258 τι.
1106 1225 1176 1258 Sed
1204 1237 1255 1256 τοι
1281 1225 1318 1259 Ξ.
1347 1237 1376 1257 v.
1404 1226 1428 1258 f.
1455 1227 1487 1261 h.
1513 1237 1540 1259 r.
1567 1238 1598 1260 a.
1623 1240 1651 1260 c.

300 1269 328 1302 δ.
357 1283 387 1302 ο.
413 1278 447 1302 et
472 1283 578 1314 marg.
611 1271 648 1306 Ω,
699 1273 838 1306 Omittit
875 1273 1035 1305 voculam
1064 1273 1144 1305 Par.
1172 1274 1214 1303 A.
1243 1282 1320 1304 cum
1357 1273 1512 1315 quinque
1552 1274 1652 1307 codd.

298 1318 427 1350 Euseb
455 1298 567 1350 Demo
573 1319 659 1351 Eus.
688 1320 730 1350 τῶ
757 1318 800 1350 δέ
826 1331 864 1350 τι.

388 1362 546 1396 τούτου
579 1375 622 1406 γε
654 1365 781 1407 νοῦς]
808 1365 951 1397 Eusebii
983 1364 1084 1395 codd.
1115 1374 1235 1396 omnes
1260 1364 1404 1396 vitiose:
1438 1362 1563 1396 τούτου
1591 1365 1654 1397 τοῦ

297 1409 356 1450 ys}
360 1419 434 1441 ους.

485 1411 571 1442 Mox
597 1411 726 1443 Euseb.
753 1409 834 1442 κατὰ
863 1413 934 1442 τί1α
961 1404 1039 1441 οὖν
1063 1409 1172 1441 ἐπαιν.

390 1455 431 1487 Β.
482 1454 656 1498 πράττει
681 1454 699 1489 ὁ
731 1456 940 1500 nodum]
970 1456 1168 1488 Articulum
1196 1456 1450 1487 redhibuerunt
1474 1458 1518 1488 A.
1551 1454 1589 1488 Ω.
1620 1468 1651 1488 v.

296 1501 319 1535 f.
346 1501 379 1533 h.
407 1512 433 1533 r.
461 1512 491 1536 a.
518 1513 547 1536 c.
575 1500 604 1534 δ.
631 1513 665 1534 ο.
687 1513 722 1535 x.
748 1508 781 1536 et
807 1504 888 1536 libri
914 1503 1042 1535 Euseb.
1077 1503 1170 1534 Dein
1196 1501 1344 1544 λέγωμεν
1372 1503 1471 1537 Voss.
1497 1513 1532 1534 x.
1568 1503 1651 1535 Per-

297 1592 367 1624 Sed
400 1595 486 1626 satis
518 1595 561 1626 de
593 1595 779 1626 verborum
816 1595 939 1637 depra-

297 1640 453 1671 vatione.
512 1640 628 1673 Locus
668 1641 836 1679 Hesiodi,
879 1642 937 1683 qui

295 1686 502 1726 respicitur,
540 1692 593 1719 est
618 1686 705 1728 Opp.
737 1692 771 1718 et
795 1687 878 1720 DD.
906 1698 937 1717 v.

294 1731 373 1765 307.
407 1732 453 1774 τῷ
487 1731 524 1762 δὲ
561 1732 642 1763 θεοὶ
681 1733 847 1772 νεμεσῶσι
888 1733 941 1763 καὶ

296 1773 424 1819 ἀνέρες,
451 1775 941 1835 όεκε1·ἀεργὸςζιὶΓ,1ι1]φή-

296 1833 390 1854 ιεσσι
431 1822 627 1866 κοθούροις
658 1825 787 1856 εἴκελος
819 1822 907 1867 ὀργή
911 1837 938 1856 ν.

340 1887 583 1932 Ὀρθότατά
608 1904 650 1934 γε
675 1891 836 1936 elman]
871 1893 938 1925 Re-

293 1939 439 1978 sponsio
477 1941 741 1972 accommodata
775 1945 828 1972 est
861 1949 938 1972 sen-

295 1985 426 2016 tentiae
441 1987 720 2026 parentheticae:
739 1983 780 2018 ὃν
797 1983 816 2017 ό
838 1996 937 2027 ποιη-

294 2028 354 2070 τὴς
380 2049 421 2053 -
449 2031 601 2070 ἔφασκεν
636 2027 743 2072 εἶναι,
776 2033 937 2064 similiter

291 2082 396 2119 atque
428 2087 535 2118 supra
569 2089 602 2118 p.
636 2077 716 2111 892.
756 2077 795 2109 C.
852 2079 938 2109 Alia

292 2122 328 2153 id
362 2131 472 2162 genus
506 2125 666 2164 exempla
702 2123 935 2155 indicavimus

291 2168 336 2201 ad
363 2167 500 2201 Phileb.
524 2179 556 2210 p.
584 2169 641 2202 51.
669 2170 711 2203 Ε.
760 2168 935 2207 Quocirca

292 2214 367 2245 noli
393 2215 429 2244 in
455 2215 532 2246 istis
553 2225 629 2248 cum
656 2216 784 2247 Astio
812 2216 933 2247 vitium

293 2260 449 2291 odorari.

339 2304 419 2337 οὐκ
445 2305 741 2350 ἐπιτρεπτέον]
759 2303 935 2341 Ῑηῐ.αὕτό.

292 2350 363 2384 Sed
405 2353 497 2384 soiet
539 2351 729 2394 ἐπιτρέπειν
775 2353 935 2385 absolute

291 2400 367 2430 siue
391 2408 474 2430 casu
511 2401 729 2440 pronominis
762 2400 934 2440 usurpari,

291 2445 335 2475 de
360 2454 429 2484 quo
455 2455 520 2476 usu
547 2445 700 2478 diximus
725 2446 768 2478 ad
791 2446 932 2478 Menon.

291 2500 323 2530 p.
349 2489 405 2523 92.
438 2495 471 2521 et
497 2491 790 2533 Euthyphron.p
795 2493 860 2526 5.
888 2491 930 2523 Ε.

291 2535 401 2577 Legg.
428 2536 475 2567 11.
502 2546 531 2568 c.
557 2537 589 2571 5.
615 2549 647 2579 p
674 2539 752 2573 659.
777 2538 818 2570 Β.

334 2581 374 2614 Β.
426 2578 445 2612 ὁ
480 2579 522 2612 δὲ
559 2581 718 2616 τούτου
754 2595 791 2625 γε
826 2582 931 2615 tofis

292 2627 368 2658 τῶν
392 2626 467 2666 μὲν
492 2639 576 2670 μεγ,
598 2628 677 2682 ἑπ.]
725 2631 813 2662 Post
839 2630 926 2661 reia-

290 2675 398 2705 tivum
432 2669 685 2708 αιακοὶοιῖθιυς
716 2676 865 2708 infertur
907 2672 925 2706 ό

291 2717 326 2750 δὲ
354 2718 413 2752 101¹
418 2731 478 2752 τοι·
503 2732 565 2762 pro
581 2734 633 2763 eo,
661 2724 755 2765 quod
772 2733 847 2756 esse
865 2722 921 2755 dc-

1006 1594 1127 1633 bebat,
1155 1587 1198 1624 οὗ
1223 1591 1259 1624 δὲ
1284 1592 1372 1624 νοῦς
1396 1604 1424 1627 κ.
1442 1605 1467 1626 τ.
1483 1593 1510 1624 λ.
1537 1594 1651 1628 Quam

1006 1641 1178 1672 rationem
1206 1638 1353 1670 Graecis
1384 1650 1454 1672 non
1489 1650 1566 1672 csse
1599 1641 1653 1671 in-

1007 1686 1242 1727 frequentem,
1269 1686 1486 1717 ostendimus
1511 1686 1556 1718 ad
1582 1685 1651 1718 Po-

1007 1733 1091 1764 litic.
1122 1742 1156 1773 p.
1184 1731 1262 1765 306.
1301 1730 1340 1762 C.
1374 1736 1409 1762 et
1440 1732 1521 1764 aliis
1550 1732 1652 1772 locis,

1010 1789 1100 1819 quos
1142 1777 1189 1808 ibi
1229 1778 1515 1818 significavimus.
1555 1779 1649 1810 conf.

1010 1826 1114 1855 etiam
1148 1824 1360 1855 uberrimum
1394 1822 1652 1860 Grammaticae

1008 1869 1165 1902 Graecae
1189 1869 1428 1909 Thesaurum,
1448 1870 1519 1910 ‚qui
1547 1870 1651 1902 debe·

1007 1922 1063 1948 tur
1097 1912 1306 1947 immortalis
1343 1917 1532 1948 memoriae
1572 1917 1649 1948 viro

1007 1964 1052 1994 A
1080 1962 1318 2001 Matthiae,
1344 1960 1465 2002 §.472
1484 1961 1516 1995 3.
1542 1962 1650 2003 Igno·

1005 2009 1121 2040 rantia
1156 2013 1270 2039 tamen
1303 2007 1406 2039 huius
1433 2009 1482 2039 rei
1514 2009 1651 2050 peperit

1007 2055 1192 2086 lectionem
1235 2051 1362 2084 τοιίου
1408 2053 1471 2085 τοῦ
1513 2053 1648 2095 γει-,ους

1006 2111 1107 2142 quam
1134 2100 1233 2131 codd.
1254 2099 1401 2131 Eusebii
1425 2100 1553 2131 habent
1578 2109 1648 2131 om·

1003 2156 1082 2185 nes,
1109 2146 1189 2176 libri
1219 2145 1375 2177 Platonis
1411 2155 1481 2176 non
1508 2144 1648 2177 habent.

1003 2192 1094 2223 Dein
1130 2192 1276 2231 iungas:
1314 2188 1395 2222 κατὰ
1433 2192 1505 2222 τιίἀ
1542 2189 1648 2233 λόγον

1004 2236 1227 2268 ἐπαινοῦντες
1254 2235 1311 2267 τὸν
1339 2237 1508 2274 τοιοῦτον,
1531 2249 1558 2270 κ.
1579 2248 1604 2268 τ.
1621 2239 1646 2269 1..

1005 2284 1119 2315 Prave
1151 2283 1230 2314 libri
1265 2282 1427 2314 Eusebii:
1460 2281 1542 2315 κατὰ
1575 2284 1648 2316 τίνα

1005 2324 1081 2361 οὖν
1107 2327 1338 2361 ἐπαινοῦντες.

1073 2396 1112 2431 C.
1165 2394 1210 2429 *H
1250 2396 1469 2438 διαφέρον
1516 2394 1646 2430 οὐδὲν

1006 2441 1210 2482 οἰόμενοιἸ
1236 2463 1277 2466 -
1304 2440 1475 2486 ἀμελεῖ]
1504 2445 1559 2476 Ad
1576 2446 1644 2486 pri-

1002 2499 1083 2522 ora:
1111 2487 1131 2531 ἢ
1157 2489 1325 2530 διαφέρον
1350 2508 1383 2513 -
1402 2491 1467 2521 τῶν
1495 2491 1646 2531 σμικρῶν

999 2546 1041 2567 ex
1066 2537 1308 2576 superioribus
1334 2536 1561 2578 repetendum
1581 2542 1642 2571 cst.

999 2581 1068 2613 Sed
1095 2583 1281 2622 posteriori
1309 2584 1464 2614 membro
1498 2588 1644 2623 propter

995 2628 1172 2660 additum:
1208 2630 1243 2659 εί
1261 2627 1433 2668 διαφέρει,
1461 2628 1641 2669 subiungi-

995 2679 1050 2705 tur
1079 2672 1096 2705 ὁ
1123 2673 1159 2705 ὑὲ
1185 2671 1304 2714 α’μελεῖ,
1339 2676 1404 2707 hoc
1424 2683 1544 2707 sensu:
1571 2681 1642 2706 aut

994 2731 1099 2761 prae
1132 2721 1318 2754 levitate
1346 2726 1383 2755 et
1426 2721 1640 2758 mollitie.
