1781 2971
288 122 369 163 340
779 117 1160 162 PLATONIS

288 239 348 292 τῷ
386 234 464 279 τὸν
498 237 577 290 μὲν
614 234 714 285 ἰ’σως
748 235 806 279 ἂν
841 235 1022 291 ὶοίσιμον
1053 235 1112 279 ἔτ’
1157 235 1281 286 εἶναι,
1318 235 1396 279 τὸν
1434 235 1470 278 δ’
1508 234 1639 279 ἀνία-

290 320 381 346 τον.
431 303 553 354 ξένον
586 304 666 356 μὲν
702 301 755 354 δὴ
802 305 889 345 τῶν
938 306 1157 356 δημοσίων
1194 302 1220 354 ἢ
1267 304 1429 346 δοῦλον
1473 301 1531 345 ἄν
1576 305 1640 352 τίς

289 387 327 412 τι
365 372 610 411 κλέπτοντα
648 374 693 411 ἐν
741 371 1006 424 δικαστηρίῳ
1043 372 1137 430 ἕλῃ,
1181 368 1238 418 ὠς
1274 374 1433 424 ἰασίμῳ
1473 375 1517 412 ἐκ
1552 371 1641 411 τῶν

288 435 468 480 εἰκότων
507 434 626 487 ὄντι,
672 439 712 478 τί
744 437 824 491 χρη
864 439 1056 487 παθεῖν,
1090 434 1116 488 ἢ
1155 441 1253 478 τίνα
1291 427 1448 491 ζηαίαν
1483 436 1641 479 ἀποτί-

289 520 378 546 νειν
423 502 588 553 αὑτὸν,
634 501 660 554 ὴ
707 507 842 557 κρίσις
887 505 1127 558 γιγνέσθω·
1179 504 1256 547 τὸν
1293 506 1336 545 δὲ
1382 500 1524 545 ἀστὸν
1568 505 1641 545 καὶ

289 572 603 625 τεθραμμένον
638 569 694 619 ὡς
729 573 852 613 ἔσται
887 574 1209 626 τεθραμμένος,
1245 568 1303 612 ἂν
1339 571 1531 625 πατρίδα
1569 585 1648 621 συ-Δ

291 639 380 680 λῶν
418 635 442 689 ἢ
486 636 744 692 βιαζόμενος
790 635 1043 690 ἁλίσκηται,
1078 635 1157 678 ὲοίν
1194 636 1229 679 τ’
1271 636 1338 679 ἐπ’
1392 633 1642 694 αὐτοφώρῳ

291 703 370 748 ἐοίν
407 721 451 747 τε
478 703 553 759 μή,
592 702 747 758 σχεδὸν
776 702 833 754 ὡς
867 705 1055 747 ἀνίατον
1081 702 1192 746 ὄντα
1228 703 1423 757 θανιὲτῳ
1443 704 1641 758 ζημιοῦν.

395 768 508 830 Cap.
545 766 604 812 Π.
675 772 917 825 Στρατιῶν
966 773 1009 814 δὲ
1059 775 1182 813 ἕνεκα
1231 770 1371 822 πολλὴ
1417 776 1495 824 μέν
1540 769 1644 823 ξυμ-

290 835 444 891 βουλή,
480 839 638 880 πολλοὶ
670 839 714 880 δὲ
753 836 886 891 νόμοι
919 842 1150 891 γίγνονται
1184 836 1297 879 κατὰ
1337 836 1525 893 τρόπον,
1571 843 1643 891 με’-

290 920 443 959 γιστον
479 906 522 946 δὲ
560 904 609 946 τὸ
654 907 870 957 μηδέποτε
913 904 1112 959 ἄναρχον
1157 906 1321 959 μηδένα
1361 903 1498 957 εἶναι,
1535 902 1635 956 μήτΙ

291 969 458 1028 ἄρρενα
494 968 602 1024 μήτε
638 971 850 1022 θήλειαν,
887 974 994 1026 μηδὲ
1029 988 1148 1020 τινος
1183 973 1281 1013 ἔθει
1326 968 1477 1029 ψυχὴν
1527 972 1642 1012 εἰθί-

291 1041 407 1081 σθαι
443 1037 552 1091 μήτε
589 1039 920 1091 σπουδάζοντος
952 1037 1055 1093 μήτ’
1099 1043 1143 1080 ὲν
1182 1040 1378 1086 παιδιαῖς
1403 1034 1544 1079 αὐτὸν
1568 1035 1638 1095 ἐφ’

179 770 262 811 942

386 1168 424 1199 D.
475 1167 517 1199 ἐκ
544 1169 624 1198 τῶν
655 1166 845 1199 εἰκότων
871 1165 978 1202 ὄντι,
1010 1169 1056 1198 τί
1082 1165 1153 1207 χρὴ
1174 1165 1228 1208 π.]
1280 1166 1348 1198 Pro
1376 1164 1463 1201 ὄντι,
1490 1167 1522 1196 τί
1541 1167 1643 1206 vulgo

293 1214 473 1254 legebatur
501 1211 521 1244 ὅ
547 1225 584 1250 τι,
609 1214 810 1246 oblitterato
837 1213 919 1245 ὄντι.
973 1214 1054 1245 Vat.
1083 1214 1104 1244 s.
1135 1210 1206 1243 ὄντι
1239 1223 1276 1242 τι.
1308 1213 1385 1246 Par.
1421 1215 1457 1243 A.
1487 1212 1575 1244 Ven.
1604 1212 1643 1245 Ξ.

293 1260 371 1291 Vat.
404 1257 441 1291 Ω.
479 1259 571 1290 Flor.
600 1270 631 1291 a.
668 1271 696 1290 c.
733 1258 783 1291 ὅτι
810 1261 841 1290 τί
869 1267 901 1292 et
929 1270 1036 1300 marg.
1075 1256 1112 1290 Ω.
1141 1270 1194 1300 γρ.
1222 1255 1307 1289 ὄντι.
1360 1257 1457 1289 Edidi
1490 1255 1582 1295 ὄντι,
1615 1259 1644 1288 τί

291 1316 340 1346 χρ.
369 1316 409 1337 ex
437 1303 466 1336 δ.
494 1315 526 1336 ο.
554 1314 715 1346 quorsum
745 1305 902 1347 perducit
929 1306 1030 1337 etiam
1048 1305 1260 1343 reliquorum
1290 1305 1452 1336 librorum
1480 1305 1644 1335 varietas.

291 1351 472 1383 Bekkerus
501 1352 655 1392 scripsit:
682 1349 717 1382 ἐκ
743 1352 808 1383 τῶν
834 1349 975 1382 εἰκότων
1002 1349 1086 1390 ὅντι,
1114 1347 1135 1381 ὅ
1161 1362 1187 1381 τι
1213 1348 1287 1391 χρή.
1338 1350 1423 1382 Dein
1452 1347 1512 1390 τὴν
1536 1351 1646 1391 κρίσιν

291 1407 354 1439 pro
381 1394 401 1438 ἦ
429 1397 539 1439 κρίσις
565 1396 667 1429 Voss.
694 1408 727 1428 x.

1002 1506 1260 1540 similitudinem
1318 1507 1516 1548 composita
1565 1509 1643 1540 sint.

1004 1554 1129 1585 Verum
1167 1552 1210 1584 de
1247 1552 1298 1584 his
1332 1553 1522 1594 postmodo
1548 1553 1645 1586 vide—

1002 1600 1129 1631 bimus.
1182 1598 1253 1630 Pro
1290 1600 1429 1640 vulgato
1464 1599 1646 1639 στρατειῶν

1003 1645 1104 1677 codd.
1131 1645 1309 1684 στρατιῶν.
1360 1644 1463 1678 Quod
1491 1646 1646 1687 recipere

1003 1701 1068 1722 non
1114 1690 1357 1722 dubitavimus.
1422 1690 1512 1722 Nam
1553 1691 1645 1732 quod

1002 1737 1102 1778 vulgo
1131 1736 1330 1768 existimant
1362 1739 1538 1776 σιρατείαν
1571 1738 1643 1768 ηιὶ·

1001 1783 1139 1814 titiam
1198 1785 1239 1814 et
1291 1783 1644 1823 expeditionem,

337 1507 378 1540 ἐκ
405 1509 484 1539 ταῖν
517 1507 701 1540 εἰκότων
736 1509 852 1552 ὄντι]
889 1509 933 1543 H.

292 1565 320 1586 e.
363 1551 507 1586 εἰκότως
533 1553 616 1586 ὄντι.
689 1555 748 1587 Sic
793 1555 830 1587 ἐκ
868 1555 934 1586 τῶν

291 1599 433 1631 εἰκότων
465 1601 572 1640 Legg.
603 1601 663 1634 Vl.
696 1613 726 1638 p.
770 1602 848 1637 775.
888 1601 929 1632 D.

292 1645 421 1678 Phileb.
455 1657 489 1687 p.
524 1646 578 1680 58.
613 1647 659 1677 D.
697 1647 747 1678 De,
774 1648 861 1689 Rep.
892 1647 931 1678 ΙΙ.

294 1702 327 1733 p.
356 1691 438 1725 362.
466 1693 504 1723 C.
531 1692 611 1725 365.
640 1692 680 1723 Β.
708 1692 767 1724 IV.
795 1704 826 1735 p.
854 1693 932 1726 422.

290 1737 328 1768 C.
356 1743 389 1769 et
415 1736 451 1777 ἐξ
466 1735 600 1768 εἰκότος
627 1737 771 1771 Pinaedr.
801 1750 833 1780 p.
852 1738 930 1773 238.

292 1782 330 1816 E.
366 1783 416 1816 De
452 1783 623 1824 praesenti
656 1787 816 1825 tempore
834 1781 930 1821 ,ἀπο-

290 1829 391 1860 τίνειν
424 1834 505 1870 post
541 1829 665 1860 παθεῖν
699 1830 793 1862 illato
830 1841 859 1862 ν.
889 1830 930 1862 ad

290 1873 384 1906 Libr-
421 1875 475 1908 VI.
509 1886 540 1916 p.
579 1875 656 1909 767.
695 1875 733 1907 Ε.
768 1895 812 1899 -
870 1887 932 1907 τε-

289 1918 932 1963 θραμμένοντὺςέσταιτεθραμ-

289 1965 437 2006 μένος,
482 1967 554 2007 qui
597 1966 806 1999 educatus
847 1972 934 2007 est,

289 2018 332 2044 ut
381 2018 501 2044 esset
551 2012 782 2047 educatus.
834 2013 863 2045 Ιι.
905 2025 933 2045 e.

289 2059 399 2089 bonus
421 2058 506 2090 civis
532 2058 641 2092 tieret.
670 2077 714 2082 —
764 2059 847 2092 Dein
873 2060 928 2100 ζη-

286 2104 389 2142 μιοῦν
415 2104 608 2145 imperativi
636 2105 667 2135 τί
695 2104 865 2144 positum,
894 2110 930 2136 ut

286 2150 495 2182 sexcenties.
553 2150 716 2182 Ceterum
757 2149 801 2181 de
835 2151 928 2182 furto

289 2195 432 2236 eiusque
460 2196 582 2237 poenis
613 2194 704 2228 conf.
741 2195 835 2227 Libr.
865 2196 925 2228 IX.

291 2251 322 2283 p.
349 2239 429 2275 857.
457 2243 501 2273 A.
528 2241 643 2282 ibique
667 2246 783 2273 annot.

337 2331 472 2366 P.942.
524 2331 739 2373 Στρατιῶν
771 2331 815 2364 δὲ
843 2331 930 2363 ἕνε-

290 2389 336 2409 κα
362 2378 432 2419 -]
467 2379 564 2414 Quae
600 2377 725 2411 deinde
757 2378 800 2410 de
825 2378 930 2410 disci-

288 2423 402 2465 plinae
433 2424 587 2456 militaris
612 2425 797 2457 severitate
822 2423 929 2456 disse-

289 2472 428 2505 runtur,
459 2480 616 2511 magnam
654 2474 786 2512 partem
816 2469 932 2502 viden-

289 2518 344 2546 tur
380 2515 422 2546 nd
468 2515 722 2556 Spartanorum
763 2516 930 2548 rationem

288 2564 512 2601 attemperata
558 2571 645 2594 esse.
718 2561 789 2594 Sed
842 2571 932 2602 quae

288 2615 368 2638 mox
395 2605 438 2638 de
465 2605 598 2638 iudiciis
621 2608 825 2640 militaribus
851 2612 932 2640 sunt

287 2653 456 2693 exposita,
483 2661 523 2684 ee
550 2651 696 2685 dubitari
720 2663 788 2686 non
811 2655 929 2695 potest

285 2699 367 2738 quin
393 2697 435 2729 ad
471 2697 702 2731 institutorum
734 2699 924 2732 Atticorum

1001 1827 1061 1859 sed
1089 1826 1253 1868 στρατιάν
1282 1829 1544 1866 exercitum,
1571 1839 1644 1870 ag-

1002 1883 1117 1912 men,
1154 1874 1318 1911 aciem,
1362 1873 1574 1914 significare,
1612 1874 1645 1906 id

1003 1928 1068 1951 non
1096 1919 1300 1960 simpliciter
1326 1919 1539 1961 probandum
1567 1930 1646 1952 esse

1004 1964 1160 2003 videtur,
1194 1965 1471 2006 quandoquidem
1508 1965 1647 2007 στρατιά

1004 2011 1104 2043 etiam
1134 2011 1257 2043 iatiore
1287 2021 1388 2043 sensu
1405 2014 1560 2053 usurpari
1585 2021 1645 2044 ex-

998 2064 1050 2088 tra
1091 2067 1227 2089 omnem
1264 2057 1516 2090 dubitationem
1551 2058 1644 2100 posi-

999 2109 1069 2136 tum
1099 2108 1163 2135 est.
1214 2103 1268 2134 De
1294 2113 1359 2144 qua
1393 2113 1428 2136 re
1458 2104 1643 2146 explicavi-

1002 2157 1079 2181 mus
1113 2147 1154 2179 ad
1195 2147 1390 2181 Phaedrum
1427 2159 1458 2190 p.
1498 2148 1575 2183 260.
1605 2149 1643 2181 R.

997 2194 1210 2227 Turicenses
1237 2195 1371 2227 mireris
1390 2194 1474 2226 banc
1493 2195 1642 2236 scriptu-

997 2251 1056 2273 rae
1096 2240 1300 2272 varietatem
1347 2239 1427 2272 nibil
1471 2246 1642 2274 curantes.

997 2305 1036 2310 —
1067 2285 1168 2316 κατὰ
1198 2283 1380 2327 τρόπον,
1407 2292 1643 2328 recte‚me·

1002 2331 1096 2364 rito.

1046 2372 1182 2408 αι’τόν
1209 2373 1275 2416 ἐφ’
1309 2375 1472 2409 ἑαυτοῦ
1503 2389 1538 2409 τι
1572 2389 1645 2410 κα-

1003 2420 1044 2454 τὰ
1074 2434 1107 2462 μ.
1135 2419 1220 2463 δρ.]
1270 2421 1419 2455 Ponitur
1452 2420 1562 2455 αιίὃν
1587 2434 1644 2466 pe-

1002 2468 1113 2507 rinde,
1141 2478 1182 2500 nc
1210 2469 1237 2498 si
1264 2478 1326 2509 pro
1352 2468 1435 2511 μηδὲ
1461 2478 1553 2502 τινος
1578 2476 1643 2510 ψυ-

1001 2513 1063 2556 χὴν
1088 2519 1186 2545 antea
1214 2515 1380 2555 scriptum
1406 2517 1452 2548 ait
1476 2517 1644 2557 simplici-

1001 2567 1053 2592 ter
1085 2559 1167 2600 μηδὲ
1203 2571 1284 2593 τινα.
1342 2561 1459 2603 itaque
1484 2567 1643 2594 constru—

999 2607 1070 2638 ctio
1097 2603 1178 2637 κατὰ
1204 2605 1344 2638 ου’νεσιν
1371 2607 1480 2646 sacta,
1511 2612 1548 2639 ut
1573 2608 1645 2641 fieri

997 2653 1090 2684 solet
1117 2653 1149 2684 in
1167 2651 1340 2684 eiusmodi
1363 2653 1543 2686 verborum
1562 2654 1644 2687 sim-

996 2698 1137 2739 plicium
1187 2696 1395 2739 periphrasi;
1453 2709 1482 2732 v.
1533 2699 1646 2732 Mat-
