1781 2971
314 168 395 209 470
560 165 640 206 1³1⁴]
673 164 1050 206 EP1NOM1D1s
1083 162 1304 206 VULGO
1335 170 1417 206 etc.

316 278 375 319 11.
405 294 446 333 p.
478 279 573 318 492.
614 276 680 318 ed.
725 281 758 318 1.
802 276 893 318 Ed.
935 276 1158 319 Zellero
1200 275 1316 317 Hist.
1360 275 1469 318 Phil.
1502 275 1562 317 II.
1606 293 1647 332 p.

316 337 409 376 694.
450 333 516 375 ed.
558 336 595 375 ·2.
636 340 678 375 et
725 332 844 375 Car.
883 333 966 375 Fr.
1020 333 1329 374 Hermanno
1380 332 1495 374 Hist.
1537 333 1647 374 Phil.

315 391 424 432 Plat.
465 390 500 431 I.
541 407 580 446 p.
622 391 716 431 590.
760 391 946 446 placuit,
987 390 1057 444 qui
1100 387 1402 444 Epinomidem
1444 396 1651 444 putarunt

317 449 369 490 ab
390 446 652 489 Academiae
684 448 841 489 veteris
873 453 1135 489 assectatore
1154 445 1298 499 aliquo
1317 460 1403 487 non
1435 447 1494 487 ita
1514 446 1650 488 multo

315 511 415 560 post
444 504 639 545 Platonis
670 504 833 545 obitum
864 504 1016 545 litteris
1047 503 1344 558 consignatam
1374 517 1483 556 esse,
1516 518 1650 557 quan-

315 560 546 616 doquidem
576 561 620 601 in
652 575 700 601 ea
735 561 892 603 veteris
925 559 1187 602 Academiae
1220 558 1555 614 philosophandi
1586 575 1651 600 ra-

314 618 376 659 tio
407 617 662 659 dominetur.
734 618 946 659 Nimirum
990 616 1204 672 expressit
1233 631 1336 657 sane
1372 615 1499 658 homo
1528 616 1652 658 istius

315 674 615 730 philosophiae
655 689 813 716 morem
855 684 899 716 et
937 672 1321 725 consuetudinem,
1364 672 1441 713 sed
1483 673 1542 714 ita
1581 688 1653 714 ex-

315 732 495 788 pressit,
540 737 588 772 ut
617 732 710 772 eius
741 731 825 772 vim
858 738 988 786 atque
1019 730 1208 771 indolem
1248 743 1521 783 nequaquam
1559 744 1654 785 per-

317 789 511 843 spexisse
541 788 790 843 reperiatur.
854 788 919 829 Ex
951 802 1036 843 quo
1067 787 1271 839 efficitur,
1304 793 1350 827 ut
1380 786 1490 828 liber
1510 792 1655 842 poste-

317 846 427 887 riore
471 844 641 886 demum
677 851 818 886 aetate
858 851 980 886 ortus
1022 859 1117 886 esse
1158 841 1414 884 iudicandus
1451 843 1521 884 sit.
1601 842 1655 883 Id

317 901 435 956 quod
464 907 585 942 tanto
616 902 776 943 rectius
809 902 870 942 ita
900 908 1090 943 statuere
1120 899 1337 952 videmur,
1379 899 1495 954 quod
1526 899 1655 940 etiam

316 959 490 1003 Stoicae
521 957 744 999 doctrinae
775 958 962 1014 vestigia
992 958 1035 998 in
1066 972 1116 998 eo
1148 962 1321 1007 extant,
1353 955 1478 1010 quale
1509 963 1576 997 est
1605 956 1656 996 il-

315 1014 416 1068 lud,
451 1013 570 1069 quod
602 1013 858 1056 daemonum
891 1015 1012 1071 origo
1043 1014 1225 1055 refertur
1254 1012 1307 1053 ad
1339 1011 1582 1066 aetherem,
1615 1019 1657 1054 et

318 1071 438 1127 quod
480 1072 624 1112 anima
661 1071 878 1112 mundana
918 1071 1106 1113 omnium
1146 1085 1286 1111 rerum
1329 1083 1485 1124 parens
1526 1076 1656 1124 atque

317 1128 512 1171 effectrix
540 1142 632 1169 esse
664 1128 901 1182 iudicatur,
948 1128 999 1169 de
1033 1142 1118 1182 quo
1151 1126 1394 1169 Stoicorum
1426 1125 1586 1180 placito
1617 1142 1656 1167 v.

319 1185 673 1227 Tiedemann.
743 1184 861 1242 Syst.
904 1183 1153 1240 Philosoph.
1194 1182 1367 1226 Stoicae
1406 1182 1493 1224 Vol
1523 1182 1584 1224 II.
1615 1199 1656 1238 p.

323 1245 414 1286 117.
455 1257 550 1296 sqq.
630 1241 907 1296 Quamquam
949 1241 1001 1283 de
1039 1242 1181 1282 anima
1217 1238 1434 1281 mundana
1473 1240 1657 1281 fortasse

317 1300 401 1340 iam
432 1298 707 1354 Speusippus
737 1299 872 1340 sensit
902 1298 1125 1350 similiter,
1170 1297 1330 1352 quippe
1365 1296 1438 1351 qui
1470 1311 1563 1338 eam
1594 1297 1658 1337 ni-

317 1356 379 1397 hil
420 1354 536 1397 aliud
575 1355 661 1398 nisi
698 1356 839 1412 ipsum
881 1355 1008 1397 deum
1051 1369 1145 1396 esse
1176 1353 1384 1406 voluerit,
1432 1353 1561 1395 sicuti
1593 1359 1661 1395 est

318 1412 435 1470 apud
465 1411 720 1454 Ciceron.
754 1413 824 1454 De
854 1412 958 1454 Nat.
993 1412 1124 1453 Deor.
1156 1410 1191 1450 1.
1228 1412 1291 1453 13.
1342 1410 1455 1452 Nec
1485 1409 1658 1452 multo

318 1485 479 1512 secus
529 1468 912 1526 Speusippus,
972 1469 1266 1510 Platonem
1324 1466 1657 1508 avunculum

319 1528 692 1581 subsequens,
726 1533 777 1568 et
807 1525 976 1581 (deum)
1009 1525 1113 1567 vim
1145 1523 1413 1579 quandam
1445 1522 1656 1577 dicens,

320 1599 423 1638 qua
479 1584 658 1625 omnia
714 1589 1008 1639 regantur,
1077 1578 1304 1635 eam'que
1363 1580 1657 1622 animalem

320 1640 568 1682 evellere
625 1655 685 1680 ex
737 1640 930 1681 animis
987 1645 1224 1681 conatur
1276 1636 1657 1693 cognitionem

320 1697 380 1738 de
397 1712 555 1738 orum.
625 1697 788 1738 Verum
830 1695 948 1738 istud
988 1695 1161 1749 quidem
1202 1700 1250 1735 ut
1288 1695 1331 1735 in
1361 1693 1504 1735 medio
1532 1693 1659 1735 relin-

320 1752 536 1809 quendum
567 1753 636 1806 sit,
669 1752 775 1794 illud
806 1753 957 1795 saltem
989 1751 1165 1793 dubium
1197 1766 1280 1792 non
1313 1756 1392 1803 est,
1425 1750 1529 1804 quin
1551 1750 1659 1792 falso

321 1816 536 1852 statuatur
586 1816 805 1851 auctorem
860 1807 1131 1865 Epinomidis
1192 1807 1348 1849 veteris
1397 1806 1658 1848 Academiae

320 1868 452 1909 luisse
498 1867 680 1908 amicum
723 1873 766 1908 et
806 1872 1127 1908 assentatorem.
1197 1864 1289 1906 Imo
1330 1863 1439 1904 vixit
1477 1863 1571 1918 ille,
1623 1866 1659 1906 si

322 1923 427 1978 quid
458 1923 647 1978 supicari
679 1923 795 1975 licet,
829 1921 1123 1964 Alexandrina
1143 1920 1313 1962 demum
1345 1926 1499 1975 aetate,
1532 1935 1659 1975 quam

322 1981 473 2022 talium
504 1980 665 2035 ingenii
704 1981 868 2022 fetuum
912 1985 1084 2021 constat
1114 1984 1336 2034 parentem
1366 1977 1498 2019 fuisse
1528 1977 1659 2034 longe

323 2036 717 2080 foecundissimam.
777 2037 1012 2078 Enimvero
1043 2043 1134 2077 tum
1165 2034 1338 2089 quidem
1369 2034 1569 2076 facillime
1599 2034 1660 2076 ita

323 2095 419 2136 fieri
451 2095 616 2149 potuit,
650 2101 696 2134 ut
727 2093 923 2135 tenebrio
953 2093 1110 2148 aliquis
1143 2092 1312 2134 Platoni
1343 2090 1459 2133 istud
1488 2091 1657 2145 Legum

325 2151 671 2206 supplementum
703 2165 780 2206 per
810 2149 1000 2191 fraudem
1033 2154 1324 2204 supponeret,
1365 2154 1408 2188 et
1437 2162 1522 2201 quo
1552 2147 1658 2188 faci-

323 2209 405 2250 lius
435 2207 528 2261 ipse
560 2207 603 2248 in
637 2207 821 2249 obscuro
845 2207 1009 2259 lateret,
1042 2210 1275 2261 primorum
1298 2202 1657 2245 Academicorum

323 2263 660 2322 philosophandi
708 2264 940 2315 rationem,
991 2278 1117 2317 quam
1159 2261 1284 2302 Plato
1332 2260 1424 2315 ipse
1469 2266 1658 2302 extrema

325 2328 467 2363 aetate
499 2321 732 2377 praeivisse
765 2320 1004 2372 videretur,
1035 2317 1243 2360 imitando
1275 2317 1543 2373 exprimeret.
1603 2317 1657 2359 In

324 2394 410 2435 quo
441 2384 582 2419 tamen
622 2377 748 2419 homo
788 2376 1207 2418 fraudulentissimus
1246 2380 1406 2416 temere
1448 2374 1555 2427 ruit,
1597 2374 1658 2415 ita

324 2443 373 2477 ut
405 2441 448 2477 et
478 2451 502 2475 a
530 2435 724 2476 Platonis
755 2440 897 2476 mente
928 2439 1057 2486 atque
1087 2431 1267 2474 consilio
1295 2430 1542 2487 longissime
1582 2431 1657 2473 ab-

325 2492 532 2533 erraverit
573 2498 616 2533 et
653 2492 810 2533 veteris
853 2489 1114 2532 Academiae
1153 2489 1362 2530 rationem
1410 2502 1459 2530 ac
1498 2487 1656 2529 doctri-

327 2564 446 2601 nam,
481 2563 607 2603 quam
641 2564 725 2591 nou
758 2555 873 2591 essct
905 2555 1187 2601 assequutus,
1234 2545 1393 2600 passim
1424 2544 1656 2586 miserrimc

325 2605 638 2660 depravaverit.

730 2718 1203 2736 .—,—.---.
