1781 2971
140 181 222 223 DE
262 178 536 221 nEGIBUS
573 177 690 218 ΜΒ.
722 145 832 219 ΧΠ.
868 177 914 219 P.
947 179 1041 219 967.
1075 177 1168 218 868.
1203 176 1268 220 st.
1328 176 1411 218 433

67 298 120 341 τά
160 298 373 352 λεγόμενα
409 299 551 339 ταῦτα
587 297 669 338 νῦν
704 295 783 338 δύο
819 293 956 355 λάβῃ,
991 294 1112 354 ψυχή
1151 311 1195 337 τε
1232 292 1289 344 ὡς
1323 297 1413 337 ἔστι

68 366 372 420 πρεσβύτατον
405 363 640 413 ἁπάντων,
675 360 759 404 ὅσα
798 364 933 415 γονῆς
964 364 1240 420 μετείληφεν,
1287 359 1413 404 ἀθά-

70 433 207 475 νατόν
243 449 299 482 τε,
335 431 455 487 ἄρχει
489 448 533 474 τε
570 429 622 482 δὴ
657 429 871 483 σωμάτων
906 429 1099 478 πάντων,
1136 431 1203 471 ἐπὶ
1241 431 1284 472 δὲ
1313 426 1415 471 τού-

71 513 182 543 τοισι
221 498 285 550 ὸή,
322 499 370 542 το
409 500 489 541 νῦν
525 501 749 552 εἰρημένον
785 494 1019 550 πολλάκις,
1055 495 1135 539 τόν
1170 512 1214 538 τε
1250 499 1415 552 εἰρημέ-

69 581 148 609 νον
183 571 228 608 ὲν
266 574 356 616 τοῖς
391 564 572 620 ἄστροις
610 566 718 607 νοῦν
753 565 839 605 τῶν
875 561 1016 605 ὄντων
1044 562 1099 605 τά
1125 579 1168 605 τε
1197 561 1281 618 πρὸ
1314 562 1413 605 τού-

71 651 156 676 των
203 633 425 687 ἀναγκαῖα
475 631 732 686 μαθήματα
774 627 968 690 [λαβῃ],
1008 630 1062 672 τά
1097 646 1142 672 τε
1181 628 1292 672 κατὰ
1333 628 1414 682 τὴν

74 703 265 744 Μοῦσαν
310 701 481 750 τούτοις
517 701 595 752 τῆς
637 701 867 747 κοινωνίας
910 695 1275 752 συνθεασάμενος
1309 695 1416 752 χρή·

70 785 198 820 σηται
236 770 345 821 προς
383 767 435 809 τὰ
475 769 561 808 τῶν
608 766 740 817 ἠθῶν
777 765 1099 817 ἐπιτηδεύματα
1139 768 1210 807 καὶ
1249 762 1415 819 νόμιμα

70 835 474 889 συναρμοττόντως,
512 832 595 876 ὅσα
641 849 684 874 τε
721 831 857 886 λόγον
895 838 986 886 ἔχει,
1023 833 1194 874 τούτων
1230 829 1418 881 δυνατὸς

73 895 95 962 ᾗ
133 904 293 944 δοῦναι
337 901 416 944 τὸν
464 899 597 954 λόγον
632 896 744 960 [ὅσα
783 916 825 941 τε
870 895 974 958 μή]
1015 897 1037 942 ὀ
1077 900 1121 941 δὲ
1163 897 1223 954 μὴ
1268 896 1408 942 ταῦθ’

75 1065 135 1096 per
161 1064 314 1086 errorem
340 1060 451 1085 ortam
478 1064 564 1085 CSSO.

616 1055 748 1087 Verum
774 1056 906 1096 primus
932 1056 1087 1086 restituit
1110 1055 1303 1086 Bekkerus.
1341 1053 1416 1085 Nu-

75 1103 148 1143 peri
175 1102 269 1132 editt
296 1101 485 1132 dederunt.
512 1097 592 1130 ἄλλα
618 1112 650 1132 τε
675 1097 803 1142 ἀνόητα
827 1101 943 1133 ειπεῖν.

164 1144 274 1187 ψυχή
305 1157 357 1183 τε,
384 1143 435 1177 ὥς
462 1146 548 1177 ἐστι
575 1147 659 1188 πρ]
714 1148 844 1188 Iulgo:
878 1144 990 1188 ψυχήν
1028 1158 1069 1178 τε.
1098 1146 1167 1179 Sed
1191 1144 1282 1188 ψυχή
1309 1148 1347 1178 Α.
1378 1144 1414 1177 Ω.

76 1192 325 1226 f..ra6.o,

166 1237 239 1270 τόν
265 1249 305 1269 τε
330 1237 563 1279 ειρημέιοι
590 1256 619 1260 --
638 1238 651 1278 ]
679 1238 792 1279 Marg
823 1236 860 1269 Ω.
889 1249 909 1270 a
949 1237 978 1269 δ.
1005 1233 1150 1279 ἀλλαχοῦ
1180 1235 1215 1268 τὸ
1252 1235 1415 1279 εἰρημέ

78 1296 95 1315 ν
106 1296 123 1315 ο
134 1297 152 1315 ν
183 1297 206 1315 υ
201 1282 373 1326 βέλισιαι.

169 1332 208 1363 Ρ.
234 1331 313 1364 968.

423 1285 470 1315 Et
495 1285 625 1315 omittit
649 1285 715 1315 hoc
740 1295 871 1325 ειρνμει
876 1295 916 1315 ον
941 1285 1020 1318 Vat
1050 1295 1077 1316 r.

54 1369 55 1372 Ἰ
365 1328 385 1361 ὅ
399 1340 448 1361 σα
473 1341 516 1360 τε
541 1328 608 1369 μή.
618 1330 631 1370 ]
660 1331 798 1361 Desunt
836 1331 921 1362 haee
945 1333 980 1362 in
1007 1341 1113 1371 marg.
1145 1327 1182 1360 Ω.
1209 1330 1268 1370 qui
1293 1329 1416 1360 Bastio

77 1381 164 1407 teste
187 1387 262 1409 enm
289 1377 384 1408 Flor.
411 1387 441 1410 a
473 1377 650 1417 adscripta
681 1377 784 1408 habet
818 1377 921 1410 haec·
960 1374 1124 1417 ἀλλαχοῦ·

1160 1373 1218 1407 τὸν
1243 1373 1364 1416 λόγον,
1399 1371 1416 1405 ὁ

78 1420 114 1452 δὲ
139 1420 182 1463 μὴ
210 1420 316 1454 ταῦ’θ
349 1419 426 1454 οἷός
451 1420 482 1453 τ’
511 1421 569 1454 ω’ν.
605 1422 720 1454 Eiecit
747 1423 852 1455 verba
881 1422 1129 1463 Schneiderus,
1154 1423 1252 1454 uncis
1277 1422 1419 1454 inclusit

78 1469 183 1500 etiam
210 1469 402 1501 Bekkerus.

79 1583 188 1614 malae
216 1583 307 1614 labis
337 1582 478 1614 insedit.
527 1582 616 1615 Nam
645 1585 716 1626 pri-

79 1640 170 1660 mum
205 1629 344 1670 quidem
383 1629 478 1661 istud
508 1629 574 1659 τῶν
606 1628 717 1662 ὅντων

79 1685 148 1706 non
174 1675 278 1706 habet
303 1676 395 1707 unde
419 1675 580 1716 pendeat,
606 1687 716 1718 quan·

80 1721 266 1762 doquidem
303 1731 345 1752 ex
377 1721 463 1752 νοῦν
492 1732 562 1753 non
602 1728 718 1764 potest

80 1777 157 1799 esse
181 1777 398 1808 suspensum.
454 1768 578 1808 Itaque
605 1770 717 1810 suspi-

81 1823 160 1852 cor,
194 1819 275 1854 post
312 1814 377 1844 τῶν
410 1810 520 1844 ὄντων
544 1816 718 1847 excidisse

82 1860 208 1890 αἴτιονι
245 1870 312 1901 quo
349 1861 511 1891 restituto
546 1863 720 1894 sententia

82 1906 167 1938 haec
202 1907 373 1937 nascitur:
415 1907 576 1938 deinde
611 1918 720 1939 men-

83 1957 162 1983 tem
197 1957 238 1982 et
270 1953 488 1983 rationem
513 1952 556 1982 in
582 1955 721 1985 astris

83 1997 354 2028 habitantem
415 2007 608 2029 caussam
660 2009 722 2030 re-

83 2054 172 2074 rum
204 2053 297 2074 esse
327 2044 603 2083 cognoverit.
650 2044 720 2076 De-

84 2090 166 2121 inde
192 2090 294 2120 etiam
319 2089 415 2120 aliud
433 2090 517 2131 quid
535 2095 599 2128 est,
625 2091 721 2131 quod

83 2135 431 2167 misereredundat:
464 2136 541 2166 dico
575 2136 720 2168 alterum

83 2181 177 2213 istud
202 2178 289 2222 λάβῃ
315 2188 396 2222 post
415 2177 582 2222 ἀναγκαῖα
607 2181 721 2224 μαθή-

85 2237 170 2266 ματα
192 2228 415 2259 inculcatum.
463 2226 636 2260 Nimirum
655 2229 721 2260 hoc

85 2273 225 2314 quidem
248 2279 359 2305 ortum
380 2284 421 2305 ex
441 2275 650 2314 glossemate
670 2276 720 2306 vi-

86 2319 204 2358 detur,
243 2321 369 2351 exinde
393 2325 475 2351 nato
511 2321 591 2359 illo,
626 2321 721 2363 quod

86 2365 214 2405 aliquis
239 2365 475 2405 iudicaverat,
500 2368 544 2398 ad
569 2368 720 2408 posteri-

87 2420 149 2442 ora
174 2420 311 2452 quoque
336 2412 495 2452 superius
523 2413 611 2444 illud
636 2411 720 2454 λάβῃ

84 2455 291 2488 trahendum
313 2467 398 2490 esse
410 2457 584 2510 “Denique
603 2461 722 2513 paullo

85 2503 232 2534 inferius
263 2503 368 2534 verba
404 2499 469 2533 ὅσα
507 2515 540 2534 τε
570 2503 616 2546 μή
639 2507 722 2537 item

87 2549 228 2580 sinistre
254 2554 334 2580 sunt
364 2550 590 2590 interposita,
631 2552 724 2583 unde

89 2604 130 2626 ea
169 2595 274 2627 unius
316 2596 391 2626 eod.
433 2592 471 2626 Ω.
516 2598 725 2629 auctoritate

88 2645 276 2680 praeeunte
311 2640 513 2672 Bekkero
560 2650 726 2684 tanquam

90 2692 250 2727 suspecta
295 2687 394 2719 uncis
430 2688 647 2721 seclusimus.
682 2707 726 2712 —

90 2728 135 2762 td
176 2731 257 2772 πρὸ
303 2744 471 2764 tovlfflv
517 2746 565 2764 α1’
577 2738 728 2776 αγκαῖα

92 2776 321 2818 μαθήματα
345 2785 424 2812 sunt
455 2781 727 2814 mathemati-

138 2833 225 2867 mat.
252 2834 340 2876 Opp.
369 2837 446 2867 Vol.
476 2837 519 2869 X.
549 2836 639 2870 Sect.
670 2837 725 2871 ΙΙΙ.

787 1595 834 1617 ea
858 1589 898 1616 et
923 1584 1237 1621 astronomica,
1263 1592 1350 1624 quae
1375 1582 1421 1613 ad

786 1632 930 1663 deorum
953 1630 1112 1661 notitiam
1138 1635 1171 1659 et
1187 1629 1421 1669 cognitionem

785 1678 975 1719 perducere
1000 1685 1106 1716 supra
1121 1685 1259 1716 quoque
1277 1675 1420 1706 demon-

786 1728 932 1755 stratum
968 1727 1020 1754 est
1055 1721 1151 1752 Libr.
1189 1721 1235 1751 X.
1273 1732 1304 1762 p.
1340 1720 1420 1754 896.

786 1769 824 1801 C.
853 1779 962 1810 usque
987 1768 1029 1800 ad
1054 1778 1087 1808 p.
1116 1766 1193 1801 899.
1217 1767 1259 1798 D.
1283 1767 1337 1798 De
1356 1777 1421 1798 usu

787 1816 1108 1847 mathematicorum
1127 1814 1170 1845 ad
1193 1813 1354 1844 alendam
1372 1813 1424 1844 fo-

787 1862 1002 1902 vendamque
1016 1860 1216 1900 religiosam
1231 1860 1337 1891 animi
1352 1860 1424 1900 pie-

787 1913 892 1939 tatem
936 1908 1134 1947 disputatur
1175 1908 1278 1937 etiam
1312 1905 1424 1946 Legg.

791 1954 867 1984 ill.
897 1964 930 1994 p.
947 1952 1025 1985 821.
1055 1955 1093 1982 A.
1121 1961 1198 1992 sqq.
1225 1952 1267 1983 V
1293 1962 1326 1992 p
1345 1951 1423 1984 747.

797 1999 891 2030 .B.
906 1995 1007 2029 —ta'
1031 2008 1069 2027 ιε
1094 1994 1192 2027 κατὰ
1219 1995 1291 2038 τὴν
1312 1996 1424 2027 Μοῦ-

792 2044 1120 2076 oavn.1.2.i..e
1148 2040 1424 2084 τάτετῆςκοι-

789 2093 916 2122 vwvtas·
949 2087 1085 2120 tot'zots·
1121 2086 1202 2119 κατὰ
1242 2087 1301 2126 τιῘν
1325 2087 1423 2120 Mo&-

791 2147 864 2168 σαν.
900 2135 989 2167 Sunt
1013 2140 1127 2167 autem
1154 2133 1191 2166 τὰ
1216 2136 1280 2176 τῆς
1305 2146 1424 2166 κοινω-

789 2185 864 2214 vias·
886 2183 974 2214 nihil
1002 2182 1097 2214 aliud
1121 2182 1190 2213 nisi
1217 2179 1427 2223 ἤχωνωνιά,

790 2230 1001 2262 creberrimo
1027 2238 1154 2269 genere
1168 2229 1346 2269 loquendi,
1368 2239 1426 2259 cu-

789 2278 842 2307 ius
868 2275 1027 2315 exempla
1052 2284 1094 2306 ex
1118 2275 1173 2306 his
1191 2276 1276 2315 ipsis
1293 2276 1427 2315 Legum

789 2323 888 2353 libris
926 2322 1042 2352 Astius
1078 2321 1122 2351 ad
1157 2322 1184 2353 Ι.
1222 2321 1252 2355 S.
1287 2321 1429 2361 collegit

789 2369 891 2401 haec:
940 2364 967 2398 I.
995 2366 1050 2400 16.
1083 2371 1171 2397 extr.
1207 2367 1254 2398 II.
1281 2378 1306 2399 c.
1334 2367 1366 2400 4.
1395 2372 1429 2398 et

790 2414 844 2448 10.
893 2412 959 2448 111.
985 2424 1018 2454 p.
1044 2409 1122 2446 685.
1152 2418 1188 2444 Α.
1236 2410 1300 2444 IV.
1332 2424 1359 2445 e.
1395 2413 1430 2448 5.

790 2460 851 2491 Vl.
878 2460 909 2493 9.
938 2459 1034 2490 x111.
1060 2458 1092 2492 6.
1118 2464 1151 2490 et
1175 2456 1205 2493 8.
1229 2470 1262 2500 p.
1288 2460 1367 2494 828.
1389 2459 1429 2491 C.

790 2506 868 2540 832.
897 2504 936 2537 C.
962 2502 1029 2537 IX.
1054 2515 1088 2546 p.
1114 2504 1193 2539 862).
1218 2505 1256 2537 C.
1282 2507 1369 2538 XII.
1393 2517 1427 2548 p.

793 2550 873 2591 947,
918 2552 956 2583 D.
1005 2550 1096 2585 conf.
1142 2550 1335 2584 Fischer.
1384 2552 1429 2584 ad

793 2598 933 2630 Weller.
971 2597 1014 2628 V.
1046 2608 1080 2638 p.
1110 2597 1188 2631 335.
1238 2599 1430 2641 Wytten-

796 2644 914 2676 bach.
952 2644 996 2675 ad
1029 2644 1165 2684 Euuap.
1203 2655 1237 2685 p.
1269 2645 1338 2679 104
1376 2655 1428 2685 sq.

795 2690 990 2722 Ellendt.
1023 2690 1068 2720 ad
1095 2691 1230 2724 Arrian.
1256 2691 1288 2725 Ι,
1315 2703 1348 2733 p.
1375 2690 1431 2724 84.

797 2737 840 2768 al.
867 2754 910 2759 —-
946 2735 1097 2768 Dativus
1124 2734 1260 2769 τούτοις
1288 2748 1332 2769 ex
1360 2748 1429 2768 κοι-

797 2784 922 2814 νωνίας
947 2782 1085 2823 pendet,
1104 2783 1146 2814 de
1171 2794 1242 2826 qua
1253 2785 1431 2816 nominum

1446 911 1526 953 968
