1781 2971
267 152 349 194 DE
385 150 662 194 LEGIBUS
698 150 813 192 LIB.
847 150 952 193 XII.
990 152 1035 193 P.
1069 154 1164 195 951.
1199 151 1261 194 St.
1361 151 1440 191 377

89 268 126 310 δ’
178 269 603 324 ἐπανορθούμενον,
651 269 690 311 εἴ
733 286 773 311 τι
821 271 1152 324 παραλείπεται.
1204 267 1312 310 ἄνευ
1356 266 1442 321 γὰρ

88 335 255 388 ταύτης
290 337 367 386 τῆς
404 340 598 391 θεωρίας
634 338 704 379 καὶ
742 333 957 389 ζητήσεως
993 334 1045 377 οὐ
1081 340 1198 389 μένει
1237 337 1342 378 ποτὲ
1379 351 1444 377 τε·

88 404 189 452 λέως
223 401 362 453 πόλις,
397 402 493 446 οὐδ’
535 401 593 445 ἂν
629 405 771 452 κακῶς
805 402 950 453 αὐτὴν
987 403 1206 456 θεωρῶσι.

193 471 293 513 ΚΛ.
362 472 466 519 ΙΙῶς
503 464 585 513 οὖν
620 469 679 512 ἂν
715 468 897 523 γίγνοιτ’
940 468 1200 527 ἀιιᾳότερα;

187 533 299 614 Cup:
336 534 417 579 VI.
496 539 620 597 Ἰ’ῇὸε.
676 540 854 591 πρῶτον
899 539 979 589 μὲν
1015 535 1037 579 ὀ
1084 536 1258 590 θεωρὸς
1295 532 1317 576 ὁ
1357 551 1445 576 τοι-

91 604 223 652 οῦτος
269 601 371 659 ἡμῖν
421 622 609 656 yweyovwg
657 609 761 646 &orm
810 605 1022 646 πλειόνων
1068 604 1175 644 ἐτῶν
1214 601 1239 652 ἡ
1288 601 1443 651 πεντή·

87 686 241 723 κοντα,
275 675 339 713 ἔτι
377 673 421 713 δὲ
461 673 549 713 τῶν
585 670 824 724 εὐδοκίμων
860 688 914 712 τα
952 687 996 712 τε
1032 669 1147 711 ἄλλα
1174 672 1246 710 καὶ
1276 685 1335 716 εις
1367 668 1446 710 τὸν

86 736 280 790 πολεμον
318 742 423 782 ἔστω
459 755 533 792 7⁸7
537 755 582 780 εν
588 743 755 792 ημὲνος,
792 743 826 780 εὶ
861 739 1002 792 μέλλει
1042 735 1089 779 τὸ
1122 737 1208 777 τῶν
1246 751 1442 792 νομοφυ-

86 803 233 846 λακων
267 806 420 858 δεῖὶιια
459 809 518 854 εὶς
556 805 637 854 τας
665 803 808 854 ἄλλας
841 803 1062 857 μεθήσειν
1097 801 1268 852 πόλεις·
1313 805 1446 845 πλέον

88 872 139 919 δὲ
168 870 381 923 ἑξήκοντα
418 871 607 926 γεγονώς
641 873 752 914 ἐτῶν
785 877 933 927 μηκέτι
984 874 1221 925 θεωρείτω.
1271 870 1444 924 θεωρή-

88 952 170 987 σας
207 940 251 980 ὃὲ
286 937 415 981 ὁπόσ’
456 936 514 981 ἂν
548 943 622 991 ἔτη
658 940 869 998 βουληθῇ
912 939 999 979 τῶν
1034 940 1135 981 δέκα
1175 940 1245 978 και
1283 936 1446 994 ἀφικό-

88 1021 219 1058 μενος
269 1005 418 1049 οἴκαδε
467 1011 526 1055 εὶς
571 1006 649 1048 τόν
700 1005 918 1056 σύλλογον
962 1006 1036 1047 ἴτω
1085 1002 1165 1046 τὸν
1216 1005 1304 1046 τῶν
1349 1007 1445 1057 περὶ

90 1069 255 1125 νόμους
301 1074 647 1116 ἐποπτευόντων.
694 1067 825 1122 οὗτος
862 1071 902 1115 δ’
941 1077 1047 1114 ἔστω
1092 1076 1199 1113 νέων
1236 1073 1308 1113 καὶ
1346 1087 1445 1125 πρε-

88 1139 311 1195 σβυτέρων
343 1146 615 1196 μεμιγμένος,
653 1140 836 1192 ἑκάστης
870 1142 950 1194 μὲν
988 1137 1152 1193 ἡμέρας
1190 1139 1444 1192 συλλεγόμε-

87 1222 164 1255 νος
199 1207 241 1258 ἐξ
274 1206 473 1261 ἀνάγκης
508 1207 588 1249 ἀπ’
631 1206 811 1263 ὄρθρου
846 1212 1050 1262 μέχριπερ
1079 1203 1136 1248 ἂν
1173 1204 1296 1258 ἥλιος
1332 1203 1443 1247 ἀνά-

87 1287 180 1333 σχῃ.
218 1276 399 1327 πρῶτον
444 1276 521 1326 μὲν
559 1276 646 1316 τῶν
695 1277 839 1327 ἱερέων
874 1276 963 1316 τῶν
1001 1272 1054 1315 τὰ
1093 1272 1293 1328 ἀριστεῖα
1333 1275 1441 1324 sizn-

88 1341 253 1398 ([ότων,
290 1345 438 1384 ἔπειτα
466 1343 553 1383 τῶν
593 1340 916 1401 νομοφυλάκων
946 1343 1047 1390 τοὺς
1071 1339 1141 1383 ἀεὶ
1178 1341 1444 1395 πρεσβεῦον·

181 1449 220 1484 C.
272 1447 550 1483 Πώςοῦνᾶν
580 1449 632 1492 γ]
669 1447 711 1482 ἄν
744 1451 1036 1482 accessitexA.
1068 1447 1106 1481 Ω.
1135 1460 1166 1481 v.
1193 1449 1274 1482 fMa
1301 1459 1329 1480 c.
1358 1447 1386 1480 δ.
1414 1460 1444 1483 ο,

89 1494 253 1528 Ceterum
280 1496 485 1529 Schneider.
511 1498 598 1529 haec
625 1497 744 1528 omnia
770 1498 853 1528 item
878 1496 1090 1528 Atheniensi
1116 1495 1290 1527 attribuit.

183 1539 299 1584 ἥλιος
331 1540 513 1585 ἀνάσχῃ]
541 1543 600 1575 Sic
629 1544 673 1574 A.
705 1540 743 1574 Ω.
769 1554 802 1577 v.
828 1543 852 1574 f.
878 1553 905 1574 r.
930 1553 962 1575 a.
981 1552 1010 1574 c.
1029 1541 1058 1574 ὃ.
1078 1552 1107 1573 ο.
1135 1552 1199 1582 pro
1229 1541 1322 1581 vulg
1351 1538 1445 1582 ἥλιος

89 1583 226 1642 ἀνίσχῃ]
251 1590 344 1621 unde
365 1590 577 1621 Winckelm.
602 1589 791 1630 legendnm
820 1589 914 1622 coni
941 1585 1037 1630 ἥλιος
1061 1582 1112 1619 αὖ
1136 1585 1265 1627 ᾰνίσχη.
1295 1588 1441 1619 Aoristo

89 1645 122 1665 v.
152 1631 285 1676 ἀνέχειν
309 1636 430 1668 eadem
456 1637 492 1667 in
519 1646 556 1667 re
581 1637 690 1667 utitur
712 1635 814 1666 Plato
840 1636 944 1666 etiam
970 1634 1089 1676 Symp.
1116 1644 1150 1675 p.
1167 1633 1247 1667 220.
1273 1633 1317 1664 D.
1347 1630 1443 1674 τ”λιος

89 1676 248 1721 ἀνέσχεν;
273 1686 418 1714 utuntur
443 1683 546 1714 etiam
571 1682 643 1714 alii.
671 1680 888 1723 Scripturam
902 1681 1005 1715 codd.
1023 1677 1154 1721 ἀνάσχῃ
1170 1681 1274 1712 etiam
1296 1678 1441 1712 Schnei-

90 1727 164 1759 der.
192 1732 225 1759 et
251 1727 443 1761 Hermann.
470 1729 799 1770 comprobaverunt.

89 1819 154 1851 bus
179 1819 234 1850 his
260 1819 426 1861 loquendi
451 1821 650 1853 rationibus
681 1821 732 1852 di-
801 1819 971 1852 sinceri
1004 1823 1046 1849 et
1069 1817 1336 1856 incorrupti.
1384 1815 1442 1846 In-

90 1867 205 1896 ximus
231 1866 274 1897 ad
300 1866 488 1907 Protagor.
523 1877 556 1907 p.
582 1867 662 1901 337.
689 1866 730 1898 Β.

90 1910 293 1951 Simplicem
320 1914 543 1952 negationem
575 1918 613 1944 ut
643 1914 676 1946 h.
709 1913 731 1943 l.

89 1958 290 1988 notavimus
327 1959 431 1990 etiam
474 1958 587 1999 Legg.
627 1959 664 1990 V.
699 1969 732 1999 p.

92 2002 169 2038 744.
196 2003 236 2034 Β.
263 2003 326 2034 VI.
357 2014 390 2045 p.
420 2003 495 2038 773.

91 2050 179 2080 dem.
214 2060 244 2090 p.
277 2048 355 2083 387.
389 2051 434 2083 A.
468 2051 520 2082 De
554 2049 641 2091 Rep.
679 2051 732 2082 vt.

90 2106 125 2136 p.
141 2094 222 2129 489.
251 2094 290 2128 C.
316 2096 360 2127 D.
392 2094 518 2128 Τινὲς
546 2102 628 2128 sunt
652 2097 733 2128 ali-

92 2142 183 2182 qui,
220 2139 352 2181 'quibus
389 2143 483 2183 qnod
519 2141 642 2174 πολλοί
671 2153 731 2184 op-

90 2191 286 2228 ponuntur.
325 2189 448 2220 eodem
480 2189 586 2219 modo
621 2189 733 2220 Phae-

90 2233 173 2265 don.
211 2244 244 2273 p.
271 2233 327 2266 68.
353 2234 398 2266 D.
431 2235 490 2266 ubi
523 2245 554 2265 v.
580 2245 661 2266 ann.
689 2253 732 2258 —

91 2276 211 2319 ἄξιαι
260 2279 595 2321 ξυγγίγνεσθαι,
641 2291 732 2313 cum

92 2325 252 2365 quibus
310 2336 638 2359 conversemur.
690 2346 730 2349 —

92 2369 114 2412 ἢ
150 2371 216 2401 καὶ
251 2368 319 2411 μή,
354 2372 377 2404 i.
412 2384 445 2414 q.
483 2369 504 2414 ἢ
540 2373 593 2404 καὶ
628 2370 732 2414 ἐνμή

90 2428 241 2456 ευνομοι·
244 2415 302 2455 μέν
306 2425 370 2447 αις.

139 2457 195 2495 ὦν
227 2458 317 2494 κατ’
352 2463 474 2503 ἴχνος
499 2483 541 2487 —
567 2464 732 2506 ζητεῖν]

92 2509 208 2542 Prave
241 2509 334 2540 hunc
369 2509 484 2541 locum
510 2511 660 2551 explieat
683 2511 730 2541 A·

93 2557 199 2595 stius,
239 2556 338 2586 cuins
376 2566 515 2588 errores
553 2558 732 2597 exagitare

92 2603 200 2643 piget.
253 2601 371 2632 Verba
395 2603 446 2633 sic
469 2602 733 2643 interpretanda

94 2653 190 2680 sunt:
218 2657 399 2687 quorum
426 2649 640 2688 legentem
668 2659 731 2680 ve-

94 2694 238 2734 stigia
272 2700 452 2735 oportet
486 2695 731 2735 investiga<-

93 2749 136 2771 re
182 2749 271 2777 eos,
326 2741 577 2781 quicunque
630 2746 731 2772 sunt

520 2004 561 2035 B.
598 2004 734 2045 Euthy-

800 1866 1031 1919 telligendum
1067 1865 1157 1895 enim
1205 1867 1286 1894 ante
1323 1859 1363 1892 ὃς
1402 1859 1444 1893 ἂι

803 1908 951 1951 αδιαφθ.
979 1905 999 1950 ᾖ
1026 1919 1220 1951 pronomen
1248 1907 1311 1938 τοῦ
1315 1919 1383 1938 τοι.

850 1978 1011 2020 Cap.V1.
1039 1977 1085 2009 D.
1112 1975 1156 2008 τό
1183 1976 1259 2007 τῶν
1284 1985 1442 2015 νομοφ.

804 2023 978 2066 δεῖγμα]
1010 2028 1179 2065 tanquam
1205 2022 1345 2053 virtutis
1371 2031 1443 2053 om-

803 2073 857 2104 nis
883 2071 1071 2112 specimen.
1122 2070 1208 2101 Mox
1241 2069 1285 2100 de
1318 2066 1444 2098 πλέον

803 2115 971 2159 ἑξήκοντα
993 2115 1079 2147 ἐτῶν
1098 2127 1128 2147 v.
1149 2114 1367 2147 Matthiae
1381 2112 1443 2146 Gr.

802 2175 834 2206 p.
862 2163 940 2198 984.
959 2192 963 2195 .

850 2232 1023 2273 πρῶτον
1052 2230 1128 2271 μὲν
1162 2229 1238 2261 τῶι
1270 2227 1461 2269 ίερὲιυν]·

803 2278 872 2310 Per
897 2279 1157 2320 appositionem
1172 2277 1258 2307 haec
1273 2275 1443 2306 accedunt

802 2325 1064 2366 superioribus:
1096 2323 1184 2354 νιὲωι
1210 2321 1264 2352 καὶ
1291 2319 1440 2361 πρεσβυ-

800 2371 919 2413 τέρων,
945 2381 1035 2411 quae
1061 2375 1114 2401 est
1136 2368 1350 2400 constructio
1365 2376 1442 2397 ver-

801 2419 923 2449 borum
940 2421 1035 2448 reeta
1051 2420 1154 2456 atque
1177 2415 1342 2454 legitima.
1369 2411 1440 2444 Sed

802 2473 891 2505 quae
917 2463 1082 2502 deinceps
1103 2461 1374 2500 subiunguntur,
1399 2469 1441 2490 ea

800 2519 820 2541 a
855 2509 1011 2549 legitima
1049 2507 1236 2539 orationis·
1263 2510 1440 2538 structura

800 2555 968 2587 recedunt
1007 2554 1231 2594 longissime,
1275 2551 1438 2592 quando-

800 2602 941 2643 quidem
955 2600 1103 2641 primum
1121 2599 1355 2637 accusativus,
1379 2597 1439 2628 de-

800 2647 882 2679 inde
900 2652 1014 2678 autem
1032 2646 1269 2677 nominativus
1284 2645 1437 2685 ponitur.

799 2694 847 2724 Et
870 2692 1078 2725 nominativi
1109 2693 1248 2733 quidem
1273 2692 1364 2722 ratio
1385 2699 1439 2721 sa-

800 2741 844 2772 tis
880 2744 1001 2780 aperta
1036 2743 1098 2771 est.
1166 2737 1314 2770 Ponitur
1346 2735 1437 2768 enim

1481 740 1519 780 1)
