1781 2971
306 159 390 201 214

790 156 1180 200 PLATONIS

306 277 378 318 καὶ
419 272 597 331 ἄριστα.
652 272 957 329 μεμηχάνηται
1010 275 1060 327 δὴ
1111 272 1222 331 πρὸς
1264 275 1358 317 πᾶν
1403 275 1558 323 τοῦτο,
1603 271 1654 316 τὸ

306 339 434 384 ποῖόν
474 357 513 382 τι
559 340 819 394 γιγνόμενον
863 339 931 383 ἀεὶ
975 347 1110 384 ποίαν
1154 343 1287 397 ἕδραν
1325 343 1388 384 δεῖ
1432 343 1657 395 μεταλαμ-

306 407 452 463 βάνον
488 409 736 459 οἰκίζεσθαι
772 409 845 449 καὶ
883 410 1006 458 τίνας
1037 410 1142 451 ποτὲ
1179 408 1360 457 τόπους.
1397 409 1477 459 τῆς
1511 409 1556 449 δὲ
1591 424 1657 461 γε·

308 480 459 524 νέσεως
497 472 543 516 τὸ
593 478 724 516 ποίου
765 474 883 523 τινὸς
926 474 1073 533 ἀφῆκε
1118 483 1216 526 ταῖς
1260 472 1521 529 βουλήσεσιν
1556 472 1659 516 ἑκά·

254 546 267 561 ”“
310 557 425 584 στων
473 539 594 595 ἡμῶν
641 538 720 590 τὰς
765 543 924 590 αἰτίας.
974 539 1061 601 ὅπῃ
1108 540 1194 596 γάρ
1239 539 1297 584 ἂν
1341 541 1540 600 ἐπιθυμῇ
1585 542 1659 582 καὶ

307 607 465 657 ὁποῖός
503 624 566 656 τις
609 605 670 649 ὢν
717 605 799 659 τὴν
844 607 1016 667 ψυχήν,
1066 607 1206 669 ταύτῃ
1252 606 1406 663 σχεδὸν
1453 607 1658 651 ἑκάστοτε

307 678 379 730 καὶ
419 676 622 725 τοιοῦτος
656 677 852 730 γίγνεται
888 673 1010 726 ἅπας
1044 673 1171 729 ἡμῶν
1206 673 1264 725 ὡς
1298 673 1348 718 τὸ
1387 673 1515 718 πολύ.

398 831 476 870 τῆς
503 828 546 860 δὲ
571 829 780 871 γενέσεως
807 828 851 861 τὸ
879 831 1007 862 ποίου
1036 828 1175 872 τινὸς]
1205 830 1242 862 V.
1272 830 1431 870 explicat.

404 875 444 906 C.
498 872 552 906 ὥς
585 874 628 906 τὸ
664 874 792 917 πολὺ]
833 873 880 907 ὥς
916 875 972 907 ἐπὶ
1008 875 1045 907 τὸ
1080 887 1112 907 π.
1147 876 1238 909 Flor.
1275 886 1306 907 a.
1341 886 1369 907 c.
1403 879 1438 906 et
1470 884 1579 916 marg.
1620 871 1659 905 Ω.

312 921 434 953 Paullo
460 926 539 953 ante
565 921 778 954 Tiieodoret.
807 918 929 953 ὁποῖος
954 919 996 953 ἂν
1024 917 1043 963 ᾖ
1071 920 1132 962 τὴν
1156 919 1280 963 ψυχήν,
1294 921 1388 962 quod
1404 919 1512 953 edidit
1529 921 1659 953 Astius.

310 967 404 998 Mem
431 967 567 1001 Theod.
595 968 754 1004 τοιοῦτος
780 964 874 1007 η’μιῦν
896 968 1043 1010 γίγνεται
1069 965 1168 999 ἅπας.

355 1101 649 1146 μεμηχάνηται
675 1101 725 1145 δὴ
753 1102 861 1146 πρὸς
877 1104 957 1135 πᾶν

311 1150 460 1191 τοῦτο]
479 1150 630 1192 ltaque
651 1152 862 1183 sollerter
883 1160 955 1183 ex-

311 1196 551 1238 cogitavit,
578 1196 724 1228 habita
753 1196 955 1229 universi

311 1242 510 1282 ratione,
536 1243 871 1284 qualequidque
897 1242 954 1274 fa-

312 1292 425 1320 ctum
452 1289 621 1328 qualem
650 1288 795 1321 sedem
823 1298 954 1330 opor-

309 1335 404 1366 teat
441 1334 716 1376 participare
752 1345 798 1366 ac
833 1338 953 1366 tene-

309 1389 377 1419 re,
411 1383 454 1412 et
478 1381 652 1421 qualem
685 1380 858 1412 tandem
887 1380 953 1412 10-

312 1435 414 1457 cum.

357 1471 430 1512 τῆς
456 1469 502 1502 δὲ
523 1470 736 1512 γενέσεως
761 1470 953 1503 τὸποιόυ

311 1515 462 1560 umis]
522 1517 775 1557 Corrigendum
818 1518 954 1549 videtur

314 1564 377 1595 τοῦ
407 1562 529 1598 ποιοῦ,
554 1563 645 1604 quod
674 1563 777 1596 habet
803 1565 833 1595 T
848 1565 952 1596 heo-

314 1609 453 1641 doret.
510 1609 590 1642 Cur.
626 1609 697 1641 Aff.
734 1610 796 1643 Gr.
831 1621 862 1652 p.
897 1610 951 1644 75.

314 1655 370 1686 ed.
402 1655 498 1698 Sylb.
538 1665 582 1685 z
618 1655 696 1688 203.
739 1655 794 1687 ed.
840 1656 952 1687 Gaisf.

313 1701 371 1733 ubi
396 1705 492 1732 totus
518 1699 571 1732 liic
598 1701 698 1733 locus
729 1701 810 1733 inde
843 1712 862 1733 a
895 1702 955 1743 τῆς

315 1745 352 1778 δὲ
387 1746 554 1788 γενέσεως
583 1756 694 1787 usque
725 1748 767 1779 ad
801 1746 861 1779 τὸν
892 1745 953 1779 αὑ-

314 1793 374 1834 τῆς
425 1792 508 1834 βίον
563 1794 758 1834 exscriptus
813 1794 950 1834 legitur.

313 1837 402 1872 Nam
434 1849 497 1870 nec
521 1839 667 1870 articulo
694 1838 730 1870 τὸ
759 1849 821 1872 nec
847 1840 951 1871 inter-

314 1885 474 1926 rogativo
499 1893 587 1915 nunc
621 1889 674 1916 est
701 1887 814 1924 locus,
847 1885 952 1927 siqui—

315 1931 394 1962 dem
437 1929 524 1962 ordo
572 1931 753 1963 verborum
794 1930 846 1963 liic
886 1936 959 1962 est:

316 1973 431 2017 ἀφῆκε
464 1974 500 2006 δὲ
534 1973 592 2006 τὰς
630 1977 739 2009 αἰτίας
772 1978 830 2018 τῆς
863 1978 956 2019 γενέ·

317 2030 404 2054 σεως
429 2021 492 2053 τοῦ
522 2022 627 2053 ποιοῦ
654 2032 746 2055 τινος
775 2027 845 2054 ταῖς
868 2024 955 2064 βου-

316 2067 453 2110 λήσεσιν
468 2066 630 2106 ἑκάστων,
649 2080 719 2112 per
731 2070 851 2101 misit
876 2080 897 2102 a
909 2080 927 2101 u
941 2091 953 2095 -

317 2121 400 2147 tem
455 2124 640 2146 caussas
691 2117 952 2156 genera-tio-

316 2161 395 2197 nis,
429 2169 508 2200 qua
537 2161 716 2203 quisque
753 2162 950 2202 qualita—

314 2212 399 2239 tem
426 2206 615 2246 aliquam
653 2207 955 2243 nanciscatur,

317 2253 624 2284 voluntatibus
651 2253 863 2293 cuiusque
889 2262 956 2284 no-

316 2301 413 2330 stru
430 2308 473 2330 m.
533 2297 588 2330 De
614 2299 773 2330 libertate
799 2299 952 2330 volunta·

317 2346 362 2376 tis
386 2343 557 2376 humanae
589 2354 618 2375 v.
652 2344 742 2376 Tim.
771 2356 802 2386 p.
828 2344 884 2378 42.
918 2345 957 2376 Ι).

316 2391 434 2431 ibique
465 2399 539 2421 ann.
575 2395 611 2422 et
646 2391 696 2422 De.
731 2392 818 2433 ch.
858 2390 898 2422 X.
928 2401 959 2432 p.

316 2436 397 2471 617.
425 2436 465 2467 Ι).
492 2445 557 2476 sqq

365 2481 403 2513 C.
449 2480 721 2523 σμικρότερα
765 2481 838 2521 μὲν
880 2482 959 2513 τῶν

321 2526 440 2568 ἠθῶν
474 2526 575 2568 μετ.]
625 2528 738 2560 Locus
777 2539 794 2559 a
829 2528 958 2560 criticis

321 2574 466 2605 multum
503 2573 719 2606 sollicitatus.
785 2574 870 2606 Nam
903 2584 957 2605 se-

321 2618 472 2650 cundum
514 2620 706 2658 vigetum
749 2619 791 2651 ml
830 2619 957 2652 Euseb.

328 2665 451 2706 Praep.
504 2665 625 2706 Evang
685 2665 779 2699 xm.
824 2666 879 2700 18.
925 2676 958 2707 p.

321 2711 398 2746 703.
428 2710 471 2741 D.
499 2711 554 2742 ubi
580 2709 663 2743 haec
689 2711 767 2744 inde
793 2712 836 2743 ab
862 2722 957 2750 μετα-

322 2755 434 2797 βάλλει
465 2755 524 2794 μὲν
556 2758 671 2790 τοίνυν
703 2767 810 2798 usque
843 2758 885 2790 ud
911 2757 958 2789 εἰς

1023 1101 1143 1145 βάθος
1187 1103 1324 1145 φέρεται
1362 1101 1560 1140 laudantur,
1597 1111 1661 1144 pro

1025 1147 1229 1191 σμικρότερα
1270 1148 1330 1188 μὲν
1368 1147 1432 1179 τῶν
1473 1143 1575 1189 ἠθῶν
1613 1150 1664 1181 ie·-

1023 1197 1172 1235 gendum
1207 1196 1330 1228 fuerit:
1363 1193 1485 1226 ἐλάττω
1516 1195 1574 1228 μὲν
1609 1194 1664 1225 καὶ

1025 1240 1233 1283 δικαιότερα,
1277 1240 1402 1282 quibus
1442 1245 1665 1281 opponantur

1025 1289 1189 1330 deinceps
1231 1287 1332 1319 haec:
1382 1286 1484 1317 πλείω
1534 1284 1571 1316 δὲ
1609 1286 1663 1318 καὶ

1025 1330 1220 1375 ἀδικώτερα.
1279 1332 1378 1364 Hane
1415 1341 1497 1364 vero
1531 1331 1664 1373 Vige-

1021 1381 1056 1412 ri
1097 1380 1273 1411 audaciam
1322 1388 1430 1419 nuper
1470 1379 1663 1409 aemulatus

1024 1430 1077 1457 est
1133 1424 1545 1462 Winckelmannus,
1605 1425 1662 1464 qui

1022 1471 1109 1504 hanc
1133 1471 1257 1504 suadet
1290 1471 1493 1502 lectionem:
1525 1468 1665 1511 σμικρό-

1023 1529 1101 1559 τερα
1137 1517 1198 1557 μὲν
1247 1512 1553 1557 ἁμαρτάνοντα
1595 1516 1663 1548 τῶν

1023 1560 1138 1606 ἠθῶν.
1190 1565 1339 1595 Astius
1365 1573 1468 1604 porro
1497 1566 1530 1593 et
1559 1562 1664 1594 Her—

1024 1620 1202 1642 manuns
1264 1605 1386 1639 ἐλάττω
1439 1609 1664 1640 exterminari

1020 1656 1151 1688 iubent.
1203 1655 1266 1688 Alii
1295 1654 1442 1694 denique
1467 1654 1569 1685 etiam
1598 1654 1662 1685 alia

1020 1706 1213 1741 tentarunt,
1252 1701 1352 1731 sicuti
1396 1699 1484 1731 sacili
1525 1701 1664 1740 negotio

1019 1753 1183 1789 poterunt
1248 1745 1542 1784 animadvertere,
1604 1746 1664 1786 qui

1018 1793 1184 1833 Ficini,
1230 1791 1458 1830 Cornarii‚
1504 1790 1664 1824 schul-

1018 1839 1061 1871 th
1075 1839 1200 1878 essii,
1228 1839 1384 1873 aliorum,
1405 1838 1662 1878 interpretatio-

1019 1896 1095 1917 nem
1134 1884 1424 1929 cqmparaverint.
1474 1883 1581 1916 Nobis
1613 1888 1664 1916 ta-

1028 1942 1103 1962 mmn
1140 1935 1236 1962 totus
1270 1931 1363 1962 locus
1401 1930 1540 1961 omnino
1568 1929 1665 1962 vide-

1026 1983 1079 2008 tur
1109 1977 1242 2018 integer
1268 1986 1359 2014 esse,
1386 1985 1498 2016 neque
1524 1976 1662 2008 dubiam

1028 2022 1152 2054 habere
1218 2022 1506 2061 explicationem,
1563 2022 1664 2053 ‹lum—

1025 2068 1130 2101 modo
1157 2069 1290 2107 singula
1319 2068 1511 2099 accuratius
1538 2067 1665 2100 fuerint

1022 2115 1256 2156 pervestigata
1288 2123 1328 2146 ac
1362 2114 1521 2144 subtilius
1555 2113 1664 2154 expli-

1022 2164 1109 2192 cata.
1161 2159 1296 2191 Etenim
1327 2156 1577 2199 μεταβάλλοντα
1601 2168 1664 2200 po-

1023 2207 1114 2237 nitur
1135 2207 1251 2238 ‘etiam
1286 2204 1360 2241 hic,
1401 2209 1439 2236 ut
1475 2209 1576 2236 antea
1608 2215 1663 2244 με·

1025 2249 1196 2291 ταβάλλει,
1223 2251 1448 2282 intransitive.
1474 2269 1518 2274 —
1566 2249 1664 2288 Quo-

1026 2298 1116 2330 circa
1143 2296 1345 2338 σμικρότερα
1362 2297 1428 2328 τῶν
1447 2292 1547 2337 ἠθῶν
1573 2296 1662 2329 idem

1029 2348 1101 2379 est,
1133 2344 1223 2383 quod
1251 2341 1333 2374 κατὰ
1365 2341 1568 2383 σμικρότερα
1600 2344 1666 2374 τῶν

1029 2388 1146 2431 ἠθιῦνε
1186 2389 1301 2421 licebit
1332 2390 1420 2420 enim
1455 2389 1514 2420 hac
1553 2389 1665 2429 expli·

1028 2437 1163 2467 catione
1202 2436 1249 2466 uti
1290 2435 1468 2466 breuitatis
1510 2439 1543 2466 ot
1585 2445 1664 2475 per-

1028 2482 1223 2522 spicuitatis
1269 2491 1403 2512 caussa.
1481 2480 1544 2512 His
1582 2490 1664 2513 vero

1028 2528 1241 2567 subiungitur
1280 2525 1420 2563 ἐλάττω,
1461 2527 1503 2557 ab
1540 2527 1664 2558 Antio

1028 2578 1063 2605 et.
1092 2574 1341 2605 Hermanno
1374 2573 1406 2604 in
1443 2574 1664 2613 glossematis

1027 2619 1259 2660 suspicionem
1279 2625 1453 2657 vocatum,
1476 2619 1567 2659 quod
1585 2619 1664 2659 qui-

1028 2665 1105 2697 dem
1140 2675 1227 2697 nuuc
1259 2670 1312 2697 est
1346 2664 1500 2696 adverbii
1539 2664 1666 2703 instar-3

1030 2710 1071 2742 de
1105 2721 1175 2751 quo
1210 2721 1273 2742 usu
1311 2710 1473 2751 loquendi
1515 2709 1665 2742 diximus

1029 2757 1070 2789 ad
1106 2758 1234 2789 Criton.
1271 2767 1302 2798 p.
1339 2757 1393 2791 46.
1430 2756 1468 2788 C.
1497 2756 1549 2789 De
1573 2756 1661 2798 Rep.
