1781 2971
315 178 392 217 118
766 170 1219 216 ARGUMENTUM

311 288 467 329 lantur.
519 285 633 326 lllud
665 286 834 326 minui
865 286 934 327 vel
965 285 1319 338 decrescere
1352 285 1435 328 hoc
1466 287 1662 343 augeri

315 344 405 386 vel
423 356 690 385 crescere
732 341 1013 396 appellamus.
1072 342 1142 384 Ex
1173 357 1259 397 quo
1290 321 1570 398 perspicuum
1598 343 1664 396 fit,

313 399 419 456 quid
463 399 519 440 sit
559 404 717 439 ortus
759 404 889 452 atque
938 399 1232 441 interitus.
1301 398 1415 440 Nam
1467 400 1504 441 si
1553 414 1664 453 quae

312 462 531 512 augentur
569 454 636 496 vel
668 454 920 495 minuuntur
957 455 1042 507 ita,
1085 461 1134 496 ut
1172 456 1360 511 priorem
1402 456 1584 497 formam
1616 469 1667 497 ac

312 513 501 568 speciem
538 526 660 553 suam
693 511 916 563 amittant,
956 511 1101 553 locum
1130 511 1262 554 habet
1290 512 1484 566 ipsorum
1515 512 1666 554 interi-

313 579 407 620 tus3
461 569 530 610 5111
573 574 716 609 autem
754 567 1046 623 coagulantur
1082 582 1222 622 eoque
1271 583 1428 610 novam
1479 568 1668 610 induunt

315 626 521 678 formam,
565 632 685 666 ortus
726 639 874 666 eorum
916 631 960 666 et
991 624 1215 679 generatio
1259 625 1440 667 exsistit.
1503 625 1668 666 Verum

315 689 418 724 sunt
447 687 671 737 praeterea
701 681 831 722 etiam
858 680 947 722 duo
979 681 1064 722 alia
1095 680 1482 723 animadvertenda
1524 688 1669 723 motus

315 754 487 796 genera.
548 737 663 779 Nam
691 737 801 780 alius
832 743 976 778 motus
1008 744 1076 780 est
1106 737 1158 790 is,
1192 738 1266 791 qui
1287 737 1389 779 licet
1420 737 1504 779 alia
1529 738 1671 794 possit

316 810 488 838 movere
517 802 560 836 et
590 794 835 849 impellere,
861 800 1007 835 tamen
1039 808 1086 836 se
1115 794 1209 850 ipse
1242 809 1328 836 non
1358 800 1505 851 potest
1534 795 1668 845 ciere;

316 853 426 894 alius
469 861 534 893 est
565 851 662 902 ille,
706 851 780 904 qui
823 856 866 893 et
906 857 1043 892 semet
1071 851 1165 906 ipse
1197 858 1241 893 et
1271 851 1353 893 alia
1382 857 1542 894 movet.
1601 851 1671 892 Ex

317 910 382 950 his
414 923 515 949 vero
548 914 693 948 motus
724 907 957 962 generibus
987 907 1030 948 vi
1062 912 1106 949 et
1135 908 1400 963 praestantia
1430 922 1511 949 sua
1539 907 1670 963 longe

301 967 381 1007 *est
411 963 820 1006 excellentissimum
844 963 966 1016 illud,
1001 963 1118 1017 quod
1149 979 1266 1005 nunc
1285 965 1425 1019 ipsum
1447 970 1670 1019 postremo
1702 988 1710 997 ι

320 1022 414 1062 loco
446 1020 791 1062 memoravimus.
853 1020 904 1060 In
944 1019 1027 1061 hoc
1055 1035 1141 1061 uno
1173 1021 1285 1061 enim
1317 1020 1502 1075 denique
1533 1020 1671 1062 omnis

316 1083 459 1120 motus
503 1076 766 1132 piincipium
813 1077 1084 1130 continetur,
1142 1077 1496 1131 quandoquidem
1546 1076 1672 1130 quid-

317 1133 422 1189 quid
460 1134 513 1175 ab
558 1133 642 1174 alio
682 1139 903 1186 movetur,
950 1132 1063 1174 idem
1104 1148 1281 1189 prorsus
1311 1148 1490 1175 necesse
1521 1140 1588 1175 est
1617 1134 1672 1175 ab

317 1207 368 1232 eo
399 1190 660 1254 impellatur,
695 1188 814 1243 quod
844 1197 989 1231 motus
1021 1204 1218 1232 caussam
1254 1196 1385 1245 atque
1423 1191 1584 1232 sontem
1627 1191 1672 1231 in

317 1254 456 1289 semet
497 1247 594 1302 ipso
634 1245 806 1288 habeat.
881 1245 929 1288 Si
967 1246 1102 1302 igitur
1140 1261 1235 1287 cum
1276 1247 1544 1302 sapientibus
1571 1247 1672 1310 qui-

318 1303 500 1346 busdam
545 1309 736 1345 statuere
778 1302 983 1355 velimus,
1027 1304 1172 1344 omnia
1221 1303 1322 1344 olim
1373 1304 1507 1345 fuisse
1558 1302 1674 1356 ὁμοῦ

319 1359 528 1413 >evonem
581 1366 711 1413 atque
760 1359 932 1400 stetisse
971 1366 1064 1400 tum
1105 1359 1306 1424 immota,
1348 1367 1467 1401 certe
1507 1359 1674 1414 primus

317 1433 463 1459 eorum
503 1423 645 1457 motus
695 1421 738 1457 et
791 1417 1003 1471 impulsus
1051 1431 1138 1457 non
1176 1416 1320 1472 potuit
1359 1415 1534 1458 aliunde
1571 1431 1672 1472 pro·-

318 1474 454 1516 ficisei
494 1473 578 1514 nisi
610 1473 664 1514 ab
697 1487 763 1525 eo,
799 1472 915 1527 quod
948 1478 991 1514 et
1020 1487 1067 1514 55
1097 1473 1241 1527 ipsum
1272 1473 1477 1515 movendi
1507 1473 1551 1514 vi
1580 1471 1674 1528 pol-

318 1531 405 1572 leat
443 1538 487 1571 et
532 1536 676 1571 cetera
730 1544 904 1584 quoque
953 1544 1125 1571 movere
1174 1529 1328 1585 possit.
1408 1529 1674 1583 Ubicunque

319 1594 462 1628 autem
504 1587 684 1628 liberum
726 1586 856 1627 istum
888 1593 1051 1627 motum
1081 1585 1489 1639 animadvertimus,
1519 1586 1580 1627 ibi
1611 1586 1674 1627 vi-

317 1653 405 1686 tam
445 1658 540 1685 esse
582 1649 923 1684 consentaneum
955 1650 1044 1696 est,
1077 1643 1239 1698 quippe
1271 1658 1404 1697 quum
1434 1643 1580 1684 viveie
1610 1644 1674 1684 ni-

319 1701 377 1742 hil
410 1700 529 1741 aliud
559 1700 617 1741 sit
644 1699 728 1741 nisi
759 1713 805 1740 se
835 1699 976 1755 ipsum
1009 1714 1089 1742 sua
1119 1705 1163 1741 et
1192 1699 1373 1755 propria
1412 1700 1456 1740 vi
1486 1714 1673 1741 movere.

318 1755 548 1811 Quidquid
586 1761 732 1798 autem
773 1756 904 1809 vivit,
946 1755 990 1797 id
1034 1755 1177 1797 anima
1218 1755 1462 1812 praeditum
1504 1756 1561 1797 sit
1600 1771 1675 1798 ne-

324 1829 443 1856 cesse
485 1820 564 1855 est.
635 1813 704 1854 Ex
745 1828 831 1867 quo
864 1812 1076 1866 efficitur,
1108 1820 1157 1854 ut
1189 1814 1331 1855 anima
1363 1828 1457 1855 esse
1490 1812 1674 1854 dicenda

319 1873 376 1911 sit
410 1869 667 1925 principium
699 1885 744 1911 se
779 1869 921 1924 ipsum
955 1845 1116 1925 parit⁷er
1145 1876 1276 1924 atque
1307 1877 1452 1911 cetera
1482 1884 1674 1912 movens.

322 1928 419 1969 Hoc
460 1933 602 1968 autem
644 1926 679 1968 si
710 1926 772 1966 ita
801 1941 895 1968 5555
926 1926 1071 1980 habet,
1103 1941 1378 1981 consequens
1412 1933 1493 1978 est,
1525 1933 1574 1968 ut
1604 1941 1674 1968 ea-

318 1983 414 2025 dem
447 1984 587 2025 omnis
616 1983 869 2024 mutationis
899 1988 943 2024 et
972 1984 1265 2039 generationis
1292 1998 1449 2026 caussa
1479 1989 1522 2024 et
1552 1983 1675 2039 origo

318 2041 538 2095 primitiva
560 2038 761 2081 habenda
779 2040 849 2092 sit,
882 2055 1118 2095 corporeae
1149 2046 1292 2082 autem
1322 2055 1391 2082 res
1422 2053 1573 2082 omnes
1604 2045 1674 2080 ut-

318 2105 421 2152 pote
464 2112 514 2138 ex
558 2095 632 2137 illa
670 2096 911 2151 pendentes
950 2111 1000 2138 ea
1042 2098 1305 2152 posteriores
1347 2111 1442 2139 esse
1492 2095 1674 2138 iudicari

318 2153 504 2195 debeant
546 2159 611 2208 (p.
645 2154 742 2194 893
775 2152 827 2193 Β.
860 2177 915 2183 -—
946 2155 1043 2194 896.
1077 2151 1171 2207 C..)
1202 2178 1256 2184 —-
1317 2155 1468 2207 Atque
1508 2152 1574 2194 his
1614 2153 1676 2193 ita

319 2210 554 2266 disput-atis
584 2210 677 2251 iure
707 2215 856 2251 nostro
887 2210 971 2250 iam
993 2210 1282 2262 censebimus,
1314 2210 1497 2251 animam
1520 2209 1674 2263 utique

318 2282 499 2331 coipore
530 2266 727 2308 extitisse
760 2265 946 2321 priorem
967 2281 1211 2322 corpusque
1232 2266 1376 2331 ipsum
1411 2266 1464 2308 ab
1503 2281 1554 2307 ea
1583 2281 1674 2308 mo-

321 2325 438 2376 veri,
479 2323 570 2379 regi
611 2328 655 2364 et
693 2323 937 2377 gubernari.
1007 2324 1106 2365 Hoc
1151 2329 1295 2364 autem
1341 2323 1378 2365 si
1408 2337 1559 2365 verum
1590 2327 1673 2375 est,

319 2380 425 2435 quid
467 2395 595 2436 porro
636 2379 737 2421 inde
778 2379 927 2435 colligi
964 2380 1117 2432 liceat,
1148 2379 1484 2435 haudquaquam
1518 2379 1674 2421 obscu—

318 2453 412 2478 rum
461 2436 648 2479 videtur.
719 2441 918 2492 Apparet
957 2437 1068 2478 enim
1107 2437 1236 2478 etiam
1289 2451 1362 2490 ea,
1413 2451 1524 2492 quae
1573 2442 1676 2478 suut

318 2494 486 2534 animae
516 2494 716 2550 propria,
757 2499 897 2535 rectas
928 2493 1181 2558 opiniones,
1211 2492 1481 2549 intelligendi
1514 2492 1599 2534 vim
1631 2499 1676 2534 et

319 2550 591 2604 facultatem,
626 2550 899 2603 memoriam,
946 2550 1224 2606 sapientiam,
1265 2550 1452 2604 denique
1491 2549 1674 2591 virtutes

319 2605 434 2647 illius
478 2622 652 2661 omnes,
704 2607 960 2663 corporibus
1011 2614 1055 2649 et
1102 2607 1237 2649 fuisse
1276 2613 1321 2649 et
1368 2621 1465 2648 esse
1513 2605 1672 2661 priora.

322 2661 542 2714 Quocirca
583 2665 773 2706 onmium
813 2664 1025 2706 bonorum
1067 2671 1107 2705 et
1144 2664 1368 2718 malorum,
1425 2662 1672 2728 pulc-rorum

318 2727 355 2760 et
387 2721 592 2776 turpium
636 2722 845 2763 iustmum
876 2726 918 2763 et
947 2721 1230 2767 iniustorum
1271 2735 1423 2763 caussa
1457 2720 1498 2760 111
1534 2734 1674 2762 amma
