1781 2971
428 167 466 208 E
483 165 814 208 PINOMIS.
862 166 907 205 P.
942 168 1036 208 988.
1068 166 1133 208 St.
1372 167 1451 206 5¹25

948 285 1094 338 ψυχῆς
1132 282 1265 335 οὔσης
1308 287 1453 332 αὶτιάς

101 354 178 394 τοῦ
219 351 325 395 ὅλου
362 354 433 394 καὶ
480 352 661 393 πάντων
695 354 774 404 μὲν
812 353 899 392 τῶν
946 349 1141 403 ἀγαθῶν
1177 351 1318 392 ’όντων
1357 367 1451 393 τοι-

101 284 166 327 ὃιὸ
214 288 286 327 καὶ
335 287 414 326 νῦν
465 283 586 338 ἡμῶν
631 282 898 335 ἀξιούντων,

100 420 254 470 οντων,
290 421 378 461 τῶν
409 421 452 461 δὲ
479 412 535 460 αὖ
573 417 787 476 φλαύρων
823 420 1036 461 τοιούτων
1073 416 1230 467 ἄλλων,
1266 420 1346 470 τῆς
1371 420 1450 472 μὲν

100 489 246 543 φορᾶς
283 485 426 539 πάσης
450 490 520 528 καὶ
560 485 766 537 κινήσεως
796 483 944 543 ψυχὴν
973 488 1122 527 αἰτίαν
1150 484 1258 527 εἶναι
1285 487 1447 539 θαῦμα

100 554 249 604 οὐδὲν,
296 555 376 605 τὴν
414 553 452 595 δ’
493 556 561 596 ἐπὶ
609 551 822 606 τάγαθὸν
867 550 1016 610 φορὰν
1051 555 1122 594 καὶ
1162 557 1331 604 κίνησιν
1370 554 1447 604 τῆς

100 622 283 675 ἀρίστης
310 623 456 676 ψυχῆς
480 620 603 670 εἶναι,
643 620 725 671 τὴν
751 619 790 662 δ’
825 624 892 662 ἐπι
928 619 1195 661 τούναντίον
1230 624 1449 671 ἐναντίαν,

101 693 366 740 νενικηκέναι
403 691 466 730 δεῖ
501 706 571 730 και
610 690 738 729 νικᾶν
775 686 829 728 τα
867 684 1029 740 ἁγαθοὶ
1072 684 1124 727 τα
1150 684 1210 740 μὴ
1243 689 1448 729 τοιαῦτα.

102 752 213 814 Cap.
255 752 336 799 XI.

414 757 565 797 Ταῦτα
606 754 709 806 ἡμῖν
734 754 903 808 εἴρηται
930 753 1078 795 πάντα
1116 754 1227 795 κατα
1255 754 1336 806 τὴν
1362 756 1451 797 τῶν

193 884 231 915 C.
283 883 453 915 ἀπιστεῖ
476 883 605 926 ψυχὴ]
633 882 817 916 ἀπιστεῖται
844 883 933 925 ψυχὴ
961 883 1048 917 cod.
1078 883 1118 915 Z.
1146 889 1184 915 ut
1211 883 1331 926 Steph.
1360 886 1450 917 coni.

104 930 173 962 Sed
204 942 235 961 v.
260 931 450 971 Explicatt.

196 977 266 1017 τῆς
298 975 370 1014 μὲν
403 977 563 1019 φορᾶς]
603 976 662 1009 Sic
693 977 774 1008 Par.
803 978 845 1008 Α.

521 1034 550 1056 ο.
584 1024 696 1064 Vulgo
726 1026 794 1053 τοῖς
818 1021 878 1062 μὲν
905 1022 1029 1063 φορᾶς.

104 1023 207 1054 Voss.
235 1033 256 1053 x
295 1033 321 1057 r,
351 1034 379 1054 a.
408 1035 436 1055 c.
463 1022 492 1054 δ.

152 1113 290 1153 ψυχῆς
324 1111 455 1155 οὔσης
487 1113 646 1155 αἰτίας]
674 1114 742 1145 Ge-

105 1160 206 1190 nitivi
232 1160 384 1191 absoluti
411 1171 481 1191 non
503 1166 583 1192 sunt
603 1171 666 1202 pro
687 1171 741 1192 ac-

107 1207 263 1237 cusativo
299 1217 372 1237 cum
408 1207 582 1238 infinitivo
624 1208 743 1248 positi,

107 1258 143 1282 ut
176 1252 320 1292 putabat
353 1254 508 1284 Astius.
561 1253 635 1284 Imo
668 1254 743 1284 iun-

106 1305 203 1329 ctura
241 1300 378 1339 periodi
411 1300 496 1330 haec
522 1305 588 1331 est:
626 1297 678 1330 διὸ
706 1298 743 1330 τὰ

106 1340 224 1384 ἀγαθὰ
252 1342 303 1375 δεῖ
330 1356 504 1386 1ἐ1ικνκε1
508 1358 540 1376 αι
567 1346 621 1376 καὶ
648 1347 745 1376 1ικᾶν

107 1389 146 1420 τὰ
171 1389 215 1431 μὴ
241 1402 337 1421 tomi
344 1403 395 1427 τα,
434 1388 527 1432 ἡμῶν
553 1388 745 1432 ἅξιοι’1·των

106 1435 228 1475 θαιμα
261 1433 364 1467 οιδὲ1
390 1433 514 1477 (εἶναι)
541 1437 654 1479 ψυχτν
686 1438 744 1476 μὲ1

107 1494 216 1514 altlav
254 1494 339 1514 ewa(
375 1484 434 1525 thS
484 1485 599 1524 φορᾶς
635 1482 746 1525 πάσΐς

108 1530 161 1559 καὶ
191 1527 374 1570 κινήσεως,
408 1530 468 1571 τὴν
497 1527 528 1561 δ’
556 1529 609 1561 ἐπὶ
647 1527 700 1571 ια’«Ῑ
701 1543 744 1561 ἀ-

107 1573 179 1605 θὸι
208 1573 323 1616 φορὰν
350 1577 403 1607 καὶ
432 1578 562 1617 ulrum
589 1577 646 1617 τῆς
672 1573 743 1616 ἀρί-

108 1630 188 1662 στης
210 1622 320 1662 ψιχτς
344 1618 439 1659 εἶναι
459 1620 517 1653 τὶν
541 1619 574 1653 δ’
601 1635 653 1654 671
670 1635 745 1653 του

108 1679 170 1698 nav
176 1678 245 1698 nov
279 1679 314 1699 ΕΓ
318 1680 358 1699 ἅλ’
366 1681 451 1705 llaz',
486 1654 612 1710 'qlllbus
639 1671 745 1701 Inter·

109 1715 214 1755 positi
240 1720 322 1745 sunt
345 1716 491 1756 genitivi
516 1717 566 1746 illi
592 1717 743 1747 absoluti

107 1770 266 1791 caussam
312 1762 563 1802 significantes.
620 1762 745 1803 Itaque

107 1807 333 1847 grammatica
350 1813 441 1839 certe
457 1809 641 1839 verborum
662 1819 744 1840 con-

108 1854 254 1883 structio
281 1854 346 1884 sibi
381 1855 482 1895 plane
516 1859 671 1894 constat,
707 1860 746 1885 ut

108 1908 172 1929 nec
193 1897 433 1930 Schmidtio
460 1906 519 1931 aut
543 1901 743 1931 Herman-

110 1955 155 1975 no
186 1945 418 1980 assentiamur
442 1946 509 1978 hoc
533 1947 610 1977 loeo
638 1947 744 1978 verba

108 1990 229 2028 θαῦμα
255 1987 357 2021 οὐδὲν
384 1992 556 2023 eiicienda
579 2002 656 2023 esse
672 1993 743 2023 exi—

108 2037 347 2076 stimantibus,
382 2048 471 2078 quae
497 2039 532 2069 in
556 2039 746 2078 superiori-

109 2083 173 2114 bus
214 2084 331 2123 ’potius
370 2085 636 2115 exterminanda
670 2084 744 2115 fue-

110 2133 208 2168 runt,
245 2129 302 2160 ubi
331 2138 372 2160 ea
400 2131 549 2161 vidimus
575 2132 745 2162 sermonis

109 2181 266 2206 tenorem
307 2176 453 2207 moleste
500 2177 744 2208 interturbare.

109 2221 185 2253 Nec
210 2232 293 2254 vero
326 2225 500 2255 sententia
522 2224 600 2263 ipsa
624 2223 746 2254 obscu-

110 2277 150 2298 ra
175 2273 237 2298 est.
286 2269 364 2299 Hoc
397 2270 488 2300 enim
522 2270 608 2300 dicit
632 2269 746 2309 philo-

111 2313 259 2353 sophus:
292 2313 421 2351 Quum
451 2316 588 2357 igitur
618 2316 745 2347 etiam

111 2368 221 2389 nunc
253 2364 511 2402 statuamus,
544 2363 747 2403 quoniam

111 2407 278 2436 animus
306 2415 463 2438 caussa
495 2409 550 2439 sit
577 2409 745 2439 univer-

111 2452 146 2482 si
173 2457 302 2491 atque
329 2453 472 2484 omnia
505 2454 617 2484 bona
648 2455 747 2485 tali-

110 2507 173 2528 um
216 2498 316 2528 item
356 2507 496 2530 rerum
529 2499 746 2538 (bonarum)

112 2553 293 2574 caussae
328 2543 431 2583 sint,
467 2545 573 2576 mala
607 2552 745 2577 autem

112 2590 215 2620 item
249 2599 387 2621 rerum
421 2591 645 2631 malarum,
678 2593 746 2622 mi<

112 2645 200 2666 rum
242 2645 325 2667 non
361 2645 472 2677 esse,
510 2638 621 2677 quod
661 2638 745 2668 ani-

111 2691 201 2712 mus
235 2682 370 2713 omnis
408 2683 672 2723 agitationis
707 2687 746 2714 et

112 2731 255 2759 motus
280 2738 433 2760 caussa
458 2729 525 2767 sit,
550 2729 746 2770 quodque

112 2773 301 2812 agitatio
340 2778 379 2805 et
419 2780 559 2807 motus
594 2775 643 2806 ad
679 2775 745 2808 bo-

878 982 966 1007 teste
999 976 1121 1008 Bastio
1155 981 1189 1008 et
1215 976 1295 1008 Vat.
1329 974 1450 1008 ΩΖΞ.

810 1124 903 1145 num
940 1114 1166 1145 tendens
1206 1113 1359 1153 optimi
1394 1113 1452 1143 sit

811 1161 960 1200 animi,
997 1160 1049 1191 ad
1083 1160 1351 1191 eontrarium
1384 1169 1451 1190 au-

811 1212 891 1237 tem
933 1212 1070 1237 motus
1119 1206 1451 1242 contrariu53

812 1252 937 1293 plane
967 1262 1147 1284 necesse
1173 1256 1248 1291 est,
1275 1256 1319 1282 ut
1343 1252 1453 1283 bona

813 1299 1044 1330 victoriam
1099 1304 1138 1329 et
1192 1303 1448 1338 reportave-

812 1346 901 1375 rint
939 1350 979 1375 et
1021 1349 1247 1385 reportent
1293 1344 1342 1375 (le
1380 1344 1452 1382 iis,

814 1401 920 1432 quae
964 1401 1045 1421 non
1083 1391 1167 1422 sint
1207 1390 1336 1432 talia,
1373 1389 1452 1420 hoc

814 1442 878 1468 est
914 1438 961 1467 de
997 1438 1157 1469 malis.
1212 1436 1309 1467 Haec
1343 1437 1452 1476 igitur

814 1484 969 1514 universi
989 1484 1055 1515 loci
1081 1483 1257 1514 sententia
1271 1487 1334 1515 est.
1362 1481 1453 1513 Nam

816 1530 922 1560 verba
948 1530 1000 1559 καὶ
1035 1527 1171 1560 πάντων
1196 1527 1255 1567 μὲν
1281 1528 1347 1559 τῶν
1372 1523 1454 1569 ἄγα-

815 1575 894 1606 {mv
920 1587 948 1606 κ.
976 1587 1001 1606 τ.
1029 1576 1054 1606 ι’..
1089 1577 1137 1607 sic
1161 1575 1367 1615 accipienda
1392 1584 1454 1615 pu-

815 1629 941 1660 tamus,
967 1628 1003 1652 ut
1029 1622 1073 1653 ad
1103 1619 1213 1652 ὅντων
1238 1621 1456 1661 intelligatur

815 1679 935 1699 rursus
973 1667 1105 1704 αἰτίων,
1146 1668 1237 1698 unde
1274 1668 1454 1708 genitivus

814 1712 982 1745 τοιούτων
1005 1715 1168 1755 pendeat,
1196 1714 1348 1754 itemque
1374 1719 1455 1753 post

815 1759 980 1800 φλαύρων
1013 1761 1240 1801 repetendum
1270 1769 1453 1791 censemus

814 1804 924 1837 ὄντων
968 1805 1100 1842 αἰτίων,
1136 1816 1178 1838 ex
1212 1815 1282 1846 quo
1325 1798 1453 1836 deind&

812 1864 1019 1894 suspensum
1056 1854 1102 1884 sit
1132 1850 1301 1883 τοιούτων
1331 1849 1450 1882 ἄλλων.

813 1899 865 1931 De
894 1910 1060 1930 τοιουτων
1085 1904 1119 1930 et
1145 1896 1254 1929 ἄλλων
1274 1895 1454 1934 τοιούτων,

813 1946 912 1975 item
940 1943 1100 1983 talium,
1126 1955 1156 1975 v.
1180 1954 1260 1975 aun.
1278 1945 1321 1975 ad
1340 1943 1453 1974 Phae-

813 1991 891 2022 don.
920 2001 952 2031 p.
978 1991 1033 2024 59.
1061 1992 1103 2021 A.
1129 2001 1163 2031 p.
1189 1990 1245 2023 67.
1268 1991 1313 2020 A.
1335 1988 1390 2023 80.
1412 1988 1451 2020 C.

860 2080 945 2122 Cap.
972 2081 1037 2112 XI.
1073 2082 1114 2112 E.
1152 2080 1250 2113 κατὰ
1277 2078 1351 2122 τὴν
1376 2080 1456 2112 τῶν

814 2123 1001 2158 ἀνοσίων
1027 2139 1053 2158 τ.
1088 2127 1244 2169 binnan]
1272 2127 1317 2158 Η.
1343 2138 1371 2159 e.
1393 2127 1455 2167 ita,

818 2181 854 2204 ut
870 2174 1049 2205 videamur
1068 2175 1251 2214 iustitiam,
1267 2174 1455 2215 impiorum

816 2220 986 2258 ultricem,
1022 2220 1150 2252 habere
1185 2221 1377 2262 propitiam
1404 2224 1454 2250 at-

817 2277 883 2307 que
921 2266 1080 2297 faustam.
1138 2267 1237 2297 Libri
1275 2267 1453 2297 meliores:

817 2310 898 2343 κατὰ
934 2311 995 2353 τὴν
1027 2312 1090 2343 τῶν
1123 2309 1275 2343 ἀνοσίων
1306 2310 1455 2351 τιμωρὸν

816 2357 852 2389 δὲ
878 2356 992 2399 δίκην,
1028 2358 1122 2399 quod
1155 2357 1453 2390 Schneiderus

815 2405 945 2445 recepit
980 2409 1149 2435 commate
1185 2409 1265 2445 post
1301 2399 1455 2435 ἀνοσίων

815 2451 919 2482 facto.
969 2449 1039 2481 Sed
1073 2450 1227 2484 fatemur,
1251 2450 1353 2482 nobis
1379 2459 1454 2481 eam

814 2498 985 2528 rationem
1020 2497 1133 2527 videri
1174 2506 1295 2538 parum
1326 2496 1455 2537 proba-

814 2544 928 2581 bilem,
953 2544 1160 2583 praesertim
1188 2552 1294 2583 quum
1318 2553 1382 2574 nec
1401 2543 1452 2573 in-

813 2589 1012 2629 telligatur,
1050 2598 1221 2629 quaenam
1257 2589 1304 2620 sit
1333 2589 1386 2620 vis
1421 2592 1455 2620 et

813 2640 968 2676 potestas
989 2632 1024 2664 δὲ
1048 2635 1251 2674 particulae.
1284 2633 1453 2667 Putamus

812 2682 920 2722 igitur
960 2680 1078 2721 potius
1117 2681 1154 2711 in
1190 2678 1227 2712 δὲ
1259 2681 1328 2712 isto
1367 2681 1453 2712 deli-

813 2729 923 2759 tuisse
956 2726 1118 2758 voculam
1152 2724 1209 2768 δή,
1243 2737 1333 2768 quae
1367 2736 1452 2758 sane

813 2773 1008 2805 sententiae
1029 2778 1081 2804 est
1106 2773 1448 2806 convenientissima.
