1781 2971
230 125 313 168 DE
348 122 624 168 LEGIBUS
656 123 776 165 LIB.
810 123 919 165 XII.
950 124 998 165 P.
1033 125 1126 165 944.
1162 122 1212 166 St
1346 125 1425 166 351

68 243 206 304 ρίψη,
251 242 365 296 ζωὴν
399 248 588 299 αισχραν
624 258 874 297 αρνυμενος
909 240 1018 297 μετὰ
1059 240 1218 297 τοίχους
1252 241 1427 295 μᾶλλον

70 309 94 364 ἢ
131 311 216 366 μετ’
260 309 468 366 ανδρείας
503 306 642 352 καλὸν
679 326 753 351 και
790 308 1032 364 εὐδαίμονα
1071 308 1298 357 θανατον,
1335 323 1426 350 τοι-

70 376 208 430 αύτης
250 380 331 432 μὲν
378 376 524 420 ὅπλων
568 375 801 430 ἀποβολῆς
844 380 948 419 ἔστω
1003 379 1099 428 δίκη
1152 376 1427 433 ῥιφθέντων,

70 447 149 496 τῆς
184 447 228 488 δὲ
268 448 493 500 εἰρημένης
525 445 783 498 ἔμπροσθεν
819 442 842 486 ὁ
881 442 1067 496 δικάζων
1093 442 1304 496 ἀμελείτω
1324 457 1426 484 σκο-

70 520 190 555 πεῖν·
239 510 318 554 τὸν
353 511 439 567 γάρ
475 508 614 553 κακὸν
652 508 721 552 αἐὶ
758 513 822 552 δεῖ
856 511 1081 563 κολάζειν,
1126 507 1187 552 ἵν’
1238 508 1430 563 ἀμείνων

73 572 126 639 «ᾗ,
166 578 221 622 οὑ
257 576 338 622 τὸν
371 579 586 633 δυςτυχῆ·
626 576 758 620 οὐδὲν
794 575 881 632 γάρ
919 581 1066 620 πλέον.
1106 578 1237 632 ζημία
1274 575 1327 627 δὴ
1369 577 1429 629 τῷ

71 646 154 698 τὴν
213 646 427 698 τοιαύτην
483 644 768 699 ἀμυντηρίων
832 643 983 686 ὅπλων
1045 647 1103 693 εἰς
1163 641 1432 685 τούναντίον

70 712 231 771 ἀφέντι
267 711 458 766 δύναμιν
497 715 559 761 τίς
595 709 685 765 ἄρα
723 709 906 764 γίγνοιτ’
956 708 1014 752 ἂν
1051 708 1327 770 πρόςφοροςς
1378 707 1430 752 οὐ

71 778 159 835 γὰρ
204 776 399 822 δυνατὸν
444 776 684 834 ἀνθρώπῳ
731 779 845 833 δρᾶν
884 777 1175 829 τούναντίον,
1221 775 1279 826 ὥς
1326 792 1434 819 ποτε

74 845 189 889 θεόν
223 862 333 904 φασι
370 847 556 902 δρᾶσαι,
604 845 772 886 Καινέα
821 843 901 888 τὸν
942 842 1168 888 Θετταλὸν
1202 848 1246 887 ἐκ
1283 860 1434 896 γυναι-

168 1001 208 1033 D.
259 998 439 1037 δικιίζων
462 997 708 1042 ἀμελείτω]
739 1000 806 1031 δικ.
833 998 880 1042 μὴ
908 998 1005 1041 α’μελ.
1034 1000 1077 1030 A.
1113 996 1150 1031 Ω.
1179 1010 1209 1033 v.
1237 999 1259 1033 f.
1287 1008 1312 1031 r.
1340 1010 1371 1032 x.
1400 1010 1430 1032 a.

76 1048 106 1078 ὃ.
142 1051 177 1078 et
209 1056 298 1080 corr.
332 1056 360 1077 c.
397 1054 429 1076 o.
463 1055 566 1077 sensu
605 1046 825 1078 adversante.
884 1045 1054 1078 Restituit
1087 1045 1308 1088 negationem
1341 1045 1431 1078 Her·

77 1102 200 1133 mann.²
229 1093 323 1124 uncis
351 1094 468 1123 tamen
495 1091 677 1133 appositis.

168 1136 214 1169 οὗ
241 1137 320 1179 γὰρ
335 1135 564 1196 Ηνδυνατόι]
599 1135 640 1168 ου’
668 1135 817 1168 δινατόν
842 1134 909 1178 γὰρ
938 1139 1023 1168 vett.
1052 1136 1148 1168 editt.
1176 1145 1252 1168 cum
1284 1136 1368 1169 Ven.
1394 1148 1431 1169 ez.

77 1183 159 1216 Mox
187 1185 291 1226 iulgo
317 1183 361 1220 εἰς
386 1180 521 1225 ἀνδρῶν
546 1194 670 1224 φυσιν,
696 1182 789 1223 quod
816 1193 857 1215 ex
889 1180 927 1213 Ω.
956 1181 976 1213 f.
1004 1192 1030 1216 r
1059 1183 1212 1214 correxit
1240 1182 1432 1222 Bekkerus,

75 1240 139 1262 nos
166 1211 266 1263 stema,
275 1239 317 1262 ex
346 1232 386 1260 A.
414 1228 520 1269 (teste
547 1228 666 1261 Bastio
693 1225 821 1271 α’νδρός
847 1229 1013 1270 scriptum
1048 1228 1243 1269 exhibente)
1275 1226 1313 1261 Ω.
1341 1239 1374 1261 x
1402 1239 1432 1260 a.

70 1276 106 1313 δ.
136 1288 164 1308 ο.
194 1276 416 1308 ηιιιῐωῐιηιιε

125 1387 169 1419 D.
228 1389 305 1427 τῆς
348 1386 389 1418 δὲ
425 1385 656 1430 εζῖρημένης
682 1404 722 1410 -

78 1432 299 1474 ἀμελείτω
324 1433 524 1474 σκοπεῖν]
555 1432 725 1473 Hicquo·

78 1489 147 1521 que
200 1479 373 1520 genitivus
438 1478 726 1511 accommodatur

80 1526 188 1557 verbo
228 1523 420 1566 ἀμελείτω,
467 1525 514 1556 ita
562 1530 600 1556 ut
637 1524 725 1556 ratio

81 1570 194 1603 habita
233 1580 299 1602 non
327 1570 372 1602 sit
397 1569 552 1602 infinitivi
578 1574 726 1610 σκοπεῖν,

795 1386 849 1418 hic
875 1396 938 1419 nec
971 1386 1051 1418 aiibi
1078 1390 1210 1418 temere
1236 1385 1435 1427 improbau-

795 1433 838 1464 da
864 1433 920 1464 sit.
970 1432 1020 1464 De
1053 1430 1156 1472 φύσις
1189 1432 1236 1462 ita
1266 1435 1433 1473 usurpato

794 1489 825 1510 ν.
851 1479 893 1510 ad
922 1478 1084 1519 δμῃροε.
1112 1488 1142 1519 p.
1170 1477 1248 1511 191.
1276 1479 1322 1512 A.

840 1536 886 1556 ου
921 1521 1004 1568 γᾰρ
1039 1521 1242 1555 δυνατὸν
1264 1521 1436 1566 ἀνθρώ-

795 1581 852 1610 πῳ
892 1569 1002 1612 δρᾶν
1032 1567 1098 1611 -—]
1145 1578 1283 1609 neque
1323 1569 1434 1601 enim

80 1617 138 1658 qui
167 1615 365 1657 requirebat
390 1614 454 1654 τῆν
481 1616 515 1648 δὲ
540 1615 724 1659 εἰρημένην.

81 1663 132 1695 De
159 1661 221 1694 hac
247 1661 508 1694 constructione
538 1663 614 1694 vide
639 1672 727 1703 quae

82 1709 283 1749 scripsimus
318 1707 361 1740 ad
397 1707 474 1739 ΧΗ.
509 1718 540 1748 ρ.
579 1707 659 1741 941.
685 1707 726 1740 C.

82 1772 125 1778 —
159 1754 288 1785 οὐδὲν
320 1751 402 1794 γὰρ
429 1752 580 1794 πλέον,
617 1754 727 1787 nihil

83 1802 196 1833 enim
224 1799 421 1841 prodest.

128 1846 209 1886 τὴν
247 1858 280 1876 τ.
315 1843 380 1885 ἄμ.
415 1843 562 1876 ὅπλων
588 1863 629 1868 -
658 1844 728 1877 δυ’-

85 1891 235 1932 νημιν]
264 1890 322 1922 Sic
350 1888 498 1932 δυ’ναμις
529 1900 603 1922 cum
630 1893 728 1932 geni·

84 1938 156 1970 tivo
169 1937 254 1968 aiius
268 1936 415 1967 nominis
427 1937 479 1967 vel
494 1945 571 1968 cum
584 1936 728 1968 adiecti-

86 1984 134 2014 vis
161 1985 318 2014 iunctum
347 1983 393 2013 ad
408 1981 624 2014 efficiendam
652 1993 731 2023 per-

87 2029 221 2072 phrasin
257 2032 444 2069 usurpatur
476 2037 557 2059 mox
588 2038 621 2068 p.
649 2028 728 2063 952.

87 2076 125 2107 C.
154 2074 234 2108 968.
263 2074 302 2105 Ι).
330 2085 362 2115 p.
389 2073 468 2107 960.
498 2074 536 2104 C.
565 2074 621 2105 ubi
647 2073 730 2117 ἅμε-

87 2119 287 2163 ’τιίστροφος
318 2118 466 2160 δυ’ναμις
503 2123 557 2150 est
589 2120 731 2153 immu-

87 2166 420 2204 tabilita83111.
457 2176 489 2206 p.
517 2165 595 2199 691.
626 2166 654 2198 E
679 2177 730 2207 sq.

89 2213 144 2245 vi.
177 2212 225 2253 p.'
245 2211 323 2246 751.
351 2211 393 2244 C.
429 2210 488 2243 Xl.
516 2222 550 2254 p.
577 2212 658 2247 918.
684 2213 730 2244 D.

88 2259 134 2290 al.
183 2258 257 2290 Nec
290 2267 373 2289 vero
413 2257 445 2289 id
478 2267 625 2298 usquam
660 2259 732 2291 ine-

89 2308 148 2346 pte
173 2304 316 2343 factum,
345 2302 410 2335 hoc
435 2308 489 2335 est
515 2304 579 2343 sic,
606 2309 645 2336 ut
672 2314 733 2346 pe-

88 2348 254 2391 riphrasis
293 2349 324 2380 vi
358 2359 419 2380 sua
458 2353 588 2381 careat.
645 2350 733 2383 Nam

88 2393 384 2437 quemadmodum
411 2393 515 2436 φύσις
541 2405 615 2428 cum
634 2396 732 2437 geni-

90 2441 148 2474 tivi
192 2451 231 2473 ea
275 2439 473 2472 conditione
512 2445 615 2481 atque
657 2443 735 2483 lege

91 2486 247 2528 usurpari
273 2487 381 2525 solet,
415 2490 455 2518 ut
479 2486 523 2518 de
552 2487 599 2518 rei
627 2488 734 2529 signi·

92 2533 213 2565 ficatae.
241 2536 362 2563 natura
390 2532 660 2574 admoneamur,
689 2533 733 2565 ita

91 2576 240 2621 δύναμις
274 2578 435 2619 ponitur,
461 2578 569 2609 sicubi
603 2578 646 2611 de
683 2580 733 2619 vi,

92 2634 159 2665 qua
185 2623 266 2665 quid
293 2624 437 2666 polleat,
464 2624 609 2662 cogitari
626 2635 732 2666 opor-

94 2673 154 2702 tet.
214 2670 264 2702 Ex
297 2679 367 2711 quo
399 2670 619 2711 perspicuum
653 2681 734 2703 esse

95 2714 216 2756 debet,
250 2725 311 2748 cur
337 2716 404 2748 ista
435 2714 644 2758 periphrasis
669 2727 734 2750 nec

794 1615 894 1647 fieri
932 1618 1086 1656 potest
1127 1618 1172 1646 ut
1213 1614 1340 1646 homo
1377 1615 1436 1646 fa-

797 1661 888 1693 ciat
910 1661 1180 1693 contrarium
1203 1660 1304 1699 eius,
1322 1661 1436 1701 quod

797 1709 899 1739 oiim
943 1711 1127 1739 narrant
1158 1706 1327 1738 fecisse
1367 1706 1436 1737 de-

796 1763 881 1793 um,
908 1753 976 1793 qui
1008 1752 1226 1785 Caeneum
1255 1752 1437 1785 Thessa-

796 1801 880 1831 lum
909 1799 1091 1831 mutavit
1117 1799 1156 1830 in
1182 1799 1325 1831 virum.
1355 1797 1439 1830 Ete-

796 1846 863 1877 nim
891 1845 1063 1878 hominem
1089 1844 1262 1877 imbellem
1289 1850 1323 1877 et
1348 1846 1442 1886 igna-

798 1901 874 1923 vum
921 1895 1041 1923 censet
1074 1901 1113 1922 ea
1152 1900 1266 1931 poena
1300 1890 1440 1932 dignum

799 1947 896 1975 esse,
923 1941 961 1967 ut
985 1937 1018 1967 in
1047 1935 1199 1968 timidam
1227 1939 1330 1977 atque
1355 1937 1443 1968 mol-

798 1984 866 2015 lem
901 1983 1145 2013 ‘mulierculam
1194 1986 1367 2025 mutetur3
1406 1981 1441 2013 id

799 2033 914 2061 tamen
947 2028 995 2059 ait
1036 2037 1101 2059 non
1140 2036 1245 2068 posse
1284 2027 1441 2060 humanis

801 2074 934 2106 viribus
960 2073 1062 2105 effici.
1100 2073 1217 2104 Schol.
1244 2070 1442 2108 Καινεύς

800 2119 817 2153 ὁ
850 2118 1029 2155 Θετταλὸς
1046 2118 1217 2163 ’Ἀτρακος
1239 2119 1298 2160 μὲν
1314 2114 1357 2159 ἤν
1372 2122 1442 2151 θυ-

800 2168 910 2209 γάτηρ
942 2163 981 2197 τὸ
1019 2166 1122 2208 πρίν,
1151 2164 1279 2203 Καινῖς
1313 2163 1443 2206 ὄνομα·

800 2211 942 2253 ζομένη,
984 2209 1031 2248 εἷς
1068 2210 1178 2251 ἄνδρα
1210 2210 1244 2243 δὲ
1275 2212 1443 2253 μετέβαλε

803 2257 1015 2292 Ποσειδῶνος
1046 2254 1222 2298 βουλήσει.
1272 2256 1441 2289 Fabulam

802 2308 921 2336 narrat
952 2307 1090 2345 praeter
1127 2303 1219 2334 alios
1251 2301 1444 2334 Ovidius

803 2350 947 2383 Metam.
977 2347 1061 2380 XII.
1092 2358 1122 2380 v,
1153 2347 1221 2382 189
1246 2358 1322 2389 sqq.
1373 2349 1444 2381 Pro

801 2394 846 2431 ὦς
890 2393 1153 2436 Stephanus
1206 2394 1359 2426 manebat
1405 2386 1441 2437 ᾧ.

805 2442 962 2474 Astius
994 2440 1132 2481 scripsit
1163 2452 1230 2482 ων
1259 2450 1359 2481 quem
1387 2451 1444 2472 se—

803 2489 901 2528 quuti
928 2490 1007 2518 sunt
1022 2485 1244 2517 Turicenses.
1294 2485 1365 2519 Sed
1394 2486 1443 2518 vi-

803 2535 907 2565 detur
945 2531 988 2568 ὠς
1027 2540 1094 2563 ηοη
1133 2531 1233 2565 aliter
1281 2537 1360 2573 post
1399 2530 1440 2563 τὸ

801 2579 958 2611 ἐναντίον
982 2577 1081 2618 poni,
1119 2587 1233 2619 quam.
1254 2576 1299 2613 ὥς
1325 2582 1360 2610 et
1384 2576 1443 2614 ὥς·

803 2637 866 2667 περ
895 2625 947 2656 vel
971 2621 1136 2666 καθάπερ
1177 2622 1324 2665 ροεῐ-τό
1351 2622 1443 2654 αὐτό

801 2671 919 2703 inferri
946 2670 1056 2707 solet,·
1079 2667 1122 2701 de
1147 2679 1218 2710 quo
1239 2679 1364 2711 genere
1391 2670 1443 2700 lo-

800 2716 924 2759 quendi
959 2725 990 2748 v.
1025 2714 1068 2747 ad
1100 2714 1278 2749 Phaedon.
1322 2726 1354 2757 p.
1386 2714 1443 2749 86.
