1781 2971
277 164 359 204 ‘244
715 139 1191 203 ssARGUMEN'rUM

278 274 376 328 quis
418 271 540 314 alteri
582 273 623 312 in
663 271 834 327 longius
881 278 1054 326 tempus
1099 271 1264 326 aliquid
1305 279 1499 314 mutuum
1551 271 1626 315 det

278 336 356 370 aut
393 327 651 381 concredat,
693 328 775 369 nisi
806 328 842 369 si
873 327 918 368 id
969 343 1047 370 suo
1090 328 1284 383 periculo
1328 329 1473 371 facere
1520 330 1626 371 velit

279 387 343 440 (p.
376 387 470 428 915.
504 385 561 425 D.
595 384 694 438 E.);
727 384 780 425 de
812 384 1022 439 pecuniae
1065 385 1370 426 collationibus
1410 392 1454 427 et
1494 386 1626 427 colle·

277 443 422 483 ctione
471 441 596 497 stipis
642 441 703 496 (p.
746 442 842 483 915.
888 440 938 480 Ε.
972 464 1024 470 ——
1056 443 1150 484 916.
1189 443 1292 492 A.);
1333 440 1385 482 de
1429 443 1626 484 emtionis

278 497 542 539 venditionis
573 503 775 551 peractae
807 497 1088 550 auctoritate,
1123 497 1262 553 deque
1296 497 1488 554 legitima
1517 514 1626 540 mer-

278 556 393 597 cium
439 553 730 595 redhibitione
779 554 854 609 (p.
895 555 991 596 916.
1037 557 1092 596 A.
1136 578 1191 584 —
1236 553 1342 608 C.);
1383 553 1436 595 de
1475 555 1627 597 fraude

280 613 323 653 in
375 625 518 652 rerum
564 610 814 651 venditione
856 609 997 663 deque
1055 610 1261 652 mercium
1309 610 1628 652 adulteratione

279 667 469 724 graviter
512 666 732 723 punienda
773 667 845 721 (p.
878 668 976 709 916.
1015 666 1072 708 D.
1103 691 1158 696 —
1188 668 1284 709 918.
1316 668 1428 718 A.);
1470 667 1524 709 de
1563 667 1628 708 fa-

279 723 487 766 ctitandis
529 723 806 779 cauponariis
849 729 893 763 et
933 723 1160 764 institoriis
1189 723 1376 780 negotiis
1417 725 1487 780 (p.
1531 725 1627 767 918.

279 786 333 824 A.
364 805 419 811 —-
448 781 543 821 920.
577 779 682 834 C.);
717 779 905 833 denique
937 779 990 820 de
1021 795 1248 835 operarum
1277 779 1493 821 locatione
1523 795 1627 822 con-

279 838 512 890 ductione,
559 851 645 890 quo
679 837 775 878 loco
808 836 997 878 breviter
1026 836 1153 877 etiam
1186 836 1239 878 de
1271 836 1479 878 militibus
1511 838 1627 878 iusto

278 895 442 936 honore
483 892 728 935 afficiendis
759 898 956 934 monetur
1001 893 1073 947 (p.
1104 894 1200 935 920.
1232 892 1282 934 C.
1319 916 1366 924 —-
1398 894 1494 935 9212.
1525 895 1627 947 A.)

278 951 361 992 His
411 950 619 1005 expositis
667 950 877 991 transitur
924 948 979 990 ad
1032 955 1223 990 tutorum
1273 955 1316 989 et
1363 949 1628 1005 pupillorum

278 1007 374 1048 iura
417 1013 461 1048 et
500 1006 659 1048 officia.
728 1006 886 1060 Itaque
924 1006 1127 1061 deinceps
1169 1005 1223 1048 de
1263 1007 1535 1048 testamentis
1578 1021 1628 1048 ac

279 1064 427 1106 tutelis
467 1063 721 1118 explicatur.
782 1062 841 1104 Et
879 1068 1138 1105 testamenta
1178 1060 1352 1116 quidem
1383 1061 1630 1104 ostenditur

279 1119 441 1162 nemini
481 1120 686 1174 cuiquam
723 1117 904 1161 arbitrio
941 1134 1022 1161 suo
1062 1118 1204 1161 facere
1243 1117 1398 1172 licere,
1430 1118 1625 1174 quando-

280 1176 456 1231 quidem
489 1177 602 1218 bona
645 1176 860 1230 cuiusque
899 1176 1037 1232 magis
1082 1174 1347 1230 reipublicae
1379 1190 1507 1230 quam
1540 1176 1629 1218 sin-

279 1234 479 1289 gulorum
507 1233 667 1275 civium
699 1232 875 1288 propria
905 1232 1015 1283 sint3
1048 1247 1134 1286 qua
1164 1232 1382 1273 sententia
1413 1233 1630 1288 explicata

280 1291 457 1346 copiose
489 1288 722 1331 disseritur
752 1288 804 1330 de
833 1288 1081 1345 patrimonii
1110 1288 1350 1330 hereditate
1381 1295 1500 1331 recte
1530 1304 1629 1331 con-

280 1345 520 1396 stitue-‚lda3
551 1346 604 1387 de
625 1345 1341 1387 testamentorumintermissorum
1354 1345 1628 1401 supplemen-

278 1404 362 1454 tis3
394 1402 447 1445 de
469 1403 816 1458 propinquorum
841 1402 1098 1453 connubiis;
1128 1401 1316 1457 denique
1336 1401 1390 1444 de
1413 1402 1630 1444 servanda

278 1460 537 1502 familiarum
577 1459 894 1515 perpetuitate,
943 1458 981 1500 si
1023 1459 1120 1513 quis
1160 1459 1252 1500 sine
1282 1459 1476 1501 mascula
1507 1459 1629 1516 prole

278 1516 546 1566 decesserit,
585 1516 728 1571 deque
765 1515 953 1558 filiorum
995 1516 1277 1571 superstitum
1309 1516 1534 1559 curatione
1565 1513 1628 1614 Sp.

278 1575 375 1615 922.
409 1576 464 1615 A.
494 1597 550 1604 —-·
579 1574 675 1616 926.
707 1573 809 1628 D.)
845 1598 896 1603 -
954 1571 1068 1614 Tum
1108 1572 1342 1627 exponitur
1382 1571 1436 1616 de
1478 1578 1572 1614 tute
1593 1573 1629 1616 is

278 1631 371 1684 sic,
412 1637 459 1672 ut
497 1636 597 1672 ante
639 1629 784 1671 omnia
817 1627 1010 1685 graviter
1040 1628 1264 1682 doceatur,
1297 1629 1449 1683 quanti
1481 1644 1531 1671 ea
1559 1628 1630 1672 res

278 1687 479 1730 facienda
509 1687 566 1728 sit
597 1692 640 1728 et
669 1693 831 1740 quanta
865 1701 962 1728 cum
1001 1684 1088 1727 fide
1121 1692 1164 1727 et
1193 1685 1404 1741 religione
1436 1685 1630 1728 curanda

277 1751 408 1799 atque
442 1743 656 1785 obeunda.
718 1743 891 1796 Quibus
913 1742 1122 1799 expositis
1145 1743 1413 1799 praecipitur
1435 1743 1627 1796 omnino,

276 1808 325 1843 ut
365 1807 532 1842 tutores
572 1807 615 1841 et
652 1801 935 1855 magistratus
975 1800 1106 1842 orbos
1136 1799 1389 1855 parentibus
1419 1815 1522 1842 suae
1553 1815 1628 1842 cu-

275 1873 349 1900 rae
390 1856 664 1899 concreditos
702 1857 796 1912 pari
830 1872 973 1898 amore
1013 1855 1330 1911 amplectantur
1362 1862 1493 1911 atque
1524 1870 1628 1898 suos

277 1916 470 1969 ipsorum
510 1914 694 1963 liberos,
728 1928 778 1955 ac
809 1928 951 1970 poena
978 1913 1259 1955 constituitur
1288 1920 1377 1955 tarn
1408 1912 1630 1955 tutoribus

278 1987 408 2026 quam
429 1970 759 2026 magistratibus
783 1970 1047 2026 pupillorum
1071 1985 1138 2013 res
1159 1970 1267 2012 male
1289 1970 1540 2026 gerentibus
1563 1970 1627 2026 (p.

280 2030 375 2071 9:26.
410 2028 465 2068 D.
502 2052 537 2057 —
574 2028 669 2069 928.
703 2027 796 2081 D.).
819 2052 875 2058 —-
934 2026 1175 2069 Acceditnr
1206 2025 1362 2068 deinde
1393 2026 1449 2069 ad
1479 2033 1628 2068 mutua

279 2091 450 2141 patrum
492 2090 535 2125 et
573 2083 762 2125 filiorum
804 2083 905 2125 odia
952 2090 1084 2138 atque
1126 2083 1395 2137 inimicitias,
1436 2081 1628 2125 ostendi-

279 2149 463 2195 turque⁷
505 2140 609 2194 quid
651 2140 763 2196 patri
804 2140 848 2181 in
891 2139 1025 2182 filium
1066 2140 1150 2182 sibi
1193 2155 1370 2182 exosum
1412 2139 1554 2182 facere
1586 2146 1629 2181 et

280 2206 496 2252 quatenus
539 2213 635 2239 eum
668 2195 932 2239 exheredare
963 2202 1037 2238 aut
1068 2196 1270 2238 abdicare
1299 2196 1452 2250 liceat,
1484 2211 1535 2238 ac
1564 2197 1627 2237 vi-

279 2255 424 2297 cissim
465 2269 551 2310 qua
593 2253 843 2296 conditione
883 2253 972 2294 filio
1012 2253 1141 2295 liccat
1179 2253 1291 2307 patri
1330 2253 1448 2295 litem
1489 2253 1628 2295 inten-

280 2311 382 2354 dere
415 2311 476 2368 (p.
504 2311 607 2364 9²28.
643 2310 696 2351 D.
730 2335 783 2340 —-
815 2311 910 2352 929.
936 2310 1025 2364 Ε.).
1058 2335 1112 2340 ——
1172 2310 1284 2351 Tum
1314 2310 1544 2366 exponitur
1574 2309 1628 2350 de

280 2368 565 2411 divortiorum
616 2367 878 2410 necessitate
931 2373 1048 2409 recte
1098 2365 1356 2420 iudicanda,
1414 2366 1627 2423 praecipi-

279 2433 439 2480 turque
470 2431 696 2478 accurate,
742 2431 956 2479 quatenus
985 2423 1103 2465 facto
1133 2422 1322 2465 divortio
1354 2438 1513 2465 novum
1543 2438 1626 2465 ma-

278 2482 527 2523 trimonium
558 2482 667 2524 inire
697 2481 826 2523 liceat
849 2479 1013 2534 etquid
1044 2480 1191 2522 liberis
1222 2480 1317 2522 fieri
1348 2480 1520 2534 debeat,
1553 2479 1627 2535 qui

281 2539 334 2580 ab
367 2538 627 2592 coniugibus
659 2537 875 2594 procreati
910 2537 1073 2578 fuerint
1112 2539 1183 2592 (p.
1215 2538 1311 2580 929.
1352 2536 1402 2579 Ε.
1433 2560 1489 2567 --
1530 2537 1626 2578 930.

281 2595 368 2648 Ε).
405 2621 454 2625 -
515 2595 770 2638 Proceditur
808 2593 965 2636 deinde
996 2593 1051 2635 ad
1092 2594 1239 2636 officia
1270 2593 1523 2649 parentibus
1553 2592 1627 2635 de-

279 2652 380 2693 bita.
443 2651 567 2704 Quae
600 2651 774 2707 quidem
806 2650 1055 2692 iudicantur
1086 2651 1214 2704 lom-e
1243 2649 1500 2707 gravissima
1531 2664 1627 2692 csse

280 2715 410 2763 atque
443 2709 737 2762 sanctissima,
784 2723 834 2750 cx
877 2724 1057 2763 qnorum
1090 2690 1291 2764 religiosa
1323 2707 1627 2749 observatione
