<?xml version="1.0" encoding="UTF-8"?>
<!DOCTYPE html PUBLIC "-//W3C//DTD XHTML 1.0 Transitional//EN"
    "http://www.w3.org/TR/xhtml1/DTD/xhtml1-transitional.dtd">
<html xmlns="http://www.w3.org/1999/xhtml" xml:lang="en" lang="en">
 <head>
  <title>
</title>
<meta http-equiv="Content-Type" content="text/html;charset=utf-8" />
  <meta name='ocr-system' content='tesseract 3.04.00' />
  <meta name='ocr-capabilities' content='ocr_page ocr_carea ocr_par ocr_line ocrx_word'/>
</head>
<body>
  <div class='ocr_page' id='page_1' title='image "./n3operaomniarecens10platuoft/n3operaomniarecens10platuoft_0472.png"; bbox 0 0 1781 2971; ppageno 0'>
   <div class='ocr_carea' id='block_1_1' title="bbox 323 143 1249 190">
    <p class='ocr_par' dir='ltr' id='par_1_1' title="bbox 323 143 1249 190">
     <span class='ocr_line' id='line_1_1' title="bbox 323 143 1249 190; baseline -0.004 0"><span class='ocrx_word' id='word_1_1' title='bbox 323 149 404 190; x_wconf 67' lang='lat'>468</span> <span class='ocrx_word' id='word_1_2' title='bbox 757 144 838 185; x_wconf 72' lang='lat' dir='ltr'>DF.</span> <span class='ocrx_word' id='word_1_3' title='bbox 876 143 1137 185; x_wconf 69' lang='lat' dir='ltr'>EPINOMI</span> <span class='ocrx_word' id='word_1_4' title='bbox 1151 143 1249 186; x_wconf 80' lang='lat' dir='ltr'>DIS</span> 
     </span>
    </p>
   </div>
   <div class='ocr_carea' id='block_1_2' title="bbox 326 255 1674 2755">
    <p class='ocr_par' dir='ltr' id='par_1_2' title="bbox 326 255 1674 2755">
     <span class='ocr_line' id='line_1_2' title="bbox 328 255 1662 315; baseline -0.003 -14"><span class='ocrx_word' id='word_1_5' title='bbox 328 273 526 315; x_wconf 82' lang='lat' dir='ltr'><strong>supremo</strong></span> <span class='ocrx_word' id='word_1_6' title='bbox 560 257 641 299; x_wconf 87' lang='lat' dir='ltr'>deo</span> <span class='ocrx_word' id='word_1_7' title='bbox 673 257 798 313; x_wconf 78' lang='lat' dir='ltr'><strong>plane</strong></span> <span class='ocrx_word' id='word_1_8' title='bbox 832 257 883 298; x_wconf 90' lang='lat' dir='ltr'>de</span> <span class='ocrx_word' id='word_1_9' title='bbox 924 255 1064 297; x_wconf 87' lang='lat' dir='ltr'><strong>medio</strong></span> <span class='ocrx_word' id='word_1_10' title='bbox 1110 257 1304 309; x_wconf 82' lang='lat' dir='ltr'>sublato,</span> <span class='ocrx_word' id='word_1_11' title='bbox 1346 255 1662 311; x_wconf 79' lang='lat' dir='ltr'><strong>adspectabiles</strong></span> 
     </span>
     <span class='ocr_line' id='line_1_3' title="bbox 326 312 1663 367; baseline -0.003 -10"><span class='ocrx_word' id='word_1_12' title='bbox 326 323 493 358; x_wconf 83' lang='lat' dir='ltr'>tantum</span> <span class='ocrx_word' id='word_1_13' title='bbox 535 314 640 357; x_wconf 89' lang='lat' dir='ltr'><strong>deos</strong></span> <span class='ocrx_word' id='word_1_14' title='bbox 680 320 887 354; x_wconf 86' lang='lat' dir='ltr'><strong>memorat</strong></span> <span class='ocrx_word' id='word_1_15' title='bbox 928 327 1160 366; x_wconf 83' lang='lat' dir='ltr'><strong>eorumque</strong></span> <span class='ocrx_word' id='word_1_16' title='bbox 1202 320 1342 354; x_wconf 88' lang='lat' dir='ltr'>ortum</span> <span class='ocrx_word' id='word_1_17' title='bbox 1382 312 1437 354; x_wconf 75' lang='lat' dir='ltr'>ad</span> <span class='ocrx_word' id='word_1_18' title='bbox 1475 314 1663 367; x_wconf 86' lang='lat' dir='ltr'>quinque</span> 
     </span>
     <span class='ocr_line' id='line_1_4' title="bbox 329 369 1662 426; baseline -0.004 -12"><span class='ocrx_word' id='word_1_19' title='bbox 329 374 539 414; x_wconf 86' lang='lat' dir='ltr'><strong>elementa</strong></span> <span class='ocrx_word' id='word_1_20' title='bbox 579 387 688 426; x_wconf 82' lang='lat' dir='ltr'><strong>quae</strong></span> <span class='ocrx_word' id='word_1_21' title='bbox 727 371 873 425; x_wconf 80' lang='lat' dir='ltr'>posuit</span> <span class='ocrx_word' id='word_1_22' title='bbox 922 369 1159 411; x_wconf 82' lang='lat' dir='ltr'>solidorum</span> <span class='ocrx_word' id='word_1_23' title='bbox 1200 385 1427 425; x_wconf 87' lang='lat' dir='ltr'>corporum</span> <span class='ocrx_word' id='word_1_24' title='bbox 1477 376 1662 411; x_wconf 84' lang='lat' dir='ltr'><strong>revocat.</strong></span> 
     </span>
     <span class='ocr_line' id='line_1_5' title="bbox 329 425 1664 482; baseline -0.003 -12"><span class='ocrx_word' id='word_1_25' title='bbox 329 430 454 482; x_wconf 77' lang='lat' dir='ltr'><strong>Quae</strong></span> <span class='ocrx_word' id='word_1_26' title='bbox 495 429 605 470; x_wconf 86' lang='lat' dir='ltr'>ratio</span> <span class='ocrx_word' id='word_1_27' title='bbox 639 428 875 470; x_wconf 78' lang='lat' dir='ltr'>Platonicis</span> <span class='ocrx_word' id='word_1_28' title='bbox 916 426 1090 467; x_wconf 88' lang='lat' dir='ltr'>omnino</span> <span class='ocrx_word' id='word_1_29' title='bbox 1130 427 1212 467; x_wconf 72' lang='lat' dir='ltr'>fuit</span> <span class='ocrx_word' id='word_1_30' title='bbox 1250 427 1481 482; x_wconf 82' lang='lat' dir='ltr'>incognita.</span> <span class='ocrx_word' id='word_1_31' title='bbox 1551 425 1664 466; x_wconf 85' lang='lat' dir='ltr'>Nam</span> 
     </span>
     <span class='ocr_line' id='line_1_6' title="bbox 327 482 1662 543; baseline -0.004 -15"><span class='ocrx_word' id='word_1_32' title='bbox 327 488 511 543; x_wconf 89' lang='lat' dir='ltr'>primum</span> <span class='ocrx_word' id='word_1_33' title='bbox 542 485 714 539; x_wconf 84' lang='lat' dir='ltr'>quidem</span> <span class='ocrx_word' id='word_1_34' title='bbox 747 484 1020 524; x_wconf 80' lang='lat' dir='ltr'><strong>Xenocrates</strong></span> <span class='ocrx_word' id='word_1_35' title='bbox 1061 496 1198 535; x_wconf 69' lang='lat' dir='ltr'><strong>certe,</strong></span> <span class='ocrx_word' id='word_1_36' title='bbox 1242 499 1406 525; x_wconf 88' lang='lat' dir='ltr'>summo</span> <span class='ocrx_word' id='word_1_37' title='bbox 1447 482 1528 523; x_wconf 86' lang='lat' dir='ltr'>dco</span> <span class='ocrx_word' id='word_1_38' title='bbox 1558 497 1662 523; x_wconf 88' lang='lat' dir='ltr'><strong>neu-</strong></span> 
     </span>
     <span class='ocr_line' id='line_1_7' title="bbox 328 539 1666 597; baseline -0.004 -12"><span class='ocrx_word' id='word_1_39' title='bbox 328 545 494 597; x_wconf 79' lang='lat' dir='ltr'><strong>tiquam</strong></span> <span class='ocrx_word' id='word_1_40' title='bbox 525 542 577 583; x_wconf 88' lang='lat' dir='ltr'>de</span> <span class='ocrx_word' id='word_1_41' title='bbox 608 543 704 583; x_wconf 84' lang='lat' dir='ltr'>loco</span> <span class='ocrx_word' id='word_1_42' title='bbox 737 556 815 582; x_wconf 84' lang='lat' dir='ltr'>suo</span> <span class='ocrx_word' id='word_1_43' title='bbox 848 540 1033 592; x_wconf 75' lang='lat' dir='ltr'><strong>deiecto,</strong></span> <span class='ocrx_word' id='word_1_44' title='bbox 1067 550 1263 581; x_wconf 81' lang='lat' dir='ltr'>naturam</span> <span class='ocrx_word' id='word_1_45' title='bbox 1284 540 1471 580; x_wconf 71' lang='lat' dir='ltr'>divinam</span> <span class='ocrx_word' id='word_1_46' title='bbox 1494 539 1666 580; x_wconf 90' lang='lat' dir='ltr'>omnino</span> 
     </span>
     <span class='ocr_line' id='line_1_8' title="bbox 328 596 1667 653; baseline -0.005 -11"><span class='ocrx_word' id='word_1_47' title='bbox 328 601 383 642; x_wconf 80' lang='lat' dir='ltr'>ad</span> <span class='ocrx_word' id='word_1_48' title='bbox 414 599 598 641; x_wconf 83' lang='lat' dir='ltr'>monada</span> <span class='ocrx_word' id='word_1_49' title='bbox 637 605 766 653; x_wconf 81' lang='lat' dir='ltr'><strong>atque</strong></span> <span class='ocrx_word' id='word_1_50' title='bbox 806 596 972 653; x_wconf 70' lang='lat' dir='ltr'>dyada,</span> <span class='ocrx_word' id='word_1_51' title='bbox 1018 612 1103 637; x_wconf 87' lang='lat' dir='ltr'>uon</span> <span class='ocrx_word' id='word_1_52' title='bbox 1143 596 1197 637; x_wconf 85' lang='lat' dir='ltr'>ad</span> <span class='ocrx_word' id='word_1_53' title='bbox 1237 604 1416 638; x_wconf 77' lang='lat' dir='ltr'><strong>naturae</strong></span> <span class='ocrx_word' id='word_1_54' title='bbox 1458 596 1667 637; x_wconf 83' lang='lat' dir='ltr'><strong>elementa</strong></span> 
     </span>
     <span class='ocr_line' id='line_1_9' title="bbox 330 653 1666 709; baseline -0.004 -10"><span class='ocrx_word' id='word_1_55' title='bbox 330 658 498 707; x_wconf 80' lang='lat' dir='ltr'>retulit3</span> <span class='ocrx_word' id='word_1_56' title='bbox 537 671 622 709; x_wconf 80' lang='lat' dir='ltr'>qua</span> <span class='ocrx_word' id='word_1_57' title='bbox 661 656 713 696; x_wconf 84' lang='lat' dir='ltr'>de</span> <span class='ocrx_word' id='word_1_58' title='bbox 754 669 798 695; x_wconf 87' lang='lat' dir='ltr'>re</span> <span class='ocrx_word' id='word_1_59' title='bbox 829 670 867 694; x_wconf 80' lang='lat' dir='ltr'>v.</span> <span class='ocrx_word' id='word_1_60' title='bbox 908 653 1260 709; x_wconf 52' lang='lat' dir='ltr'><strong>XVympersse</strong></span> <span class='ocrx_word' id='word_1_61' title='bbox 1300 654 1486 694; x_wconf 77' lang='lat' dir='ltr'>Diatrib.</span> <span class='ocrx_word' id='word_1_62' title='bbox 1528 669 1568 708; x_wconf 87' lang='lat' dir='ltr'>p.</span> <span class='ocrx_word' id='word_1_63' title='bbox 1600 654 1666 694; x_wconf 67' lang='lat'>82).</span> 
     </span>
     <span class='ocr_line' id='line_1_10' title="bbox 330 710 1667 770; baseline -0.005 -14"><span class='ocrx_word' id='word_1_64' title='bbox 330 730 426 770; x_wconf 84' lang='lat' dir='ltr'>sqq.</span> <span class='ocrx_word' id='word_1_65' title='bbox 459 728 718 769; x_wconf 77' lang='lat' dir='ltr'>quamquam</span> <span class='ocrx_word' id='word_1_66' title='bbox 748 718 859 753; x_wconf 83' lang='lat' dir='ltr'><strong>teste</strong></span> <span class='ocrx_word' id='word_1_67' title='bbox 901 710 1208 751; x_wconf 72' lang='lat' dir='ltr'>Plutarcho</span> <span class='ocrx_word' id='word_1_68' title='bbox 1254 711 1319 751; x_wconf 74' lang='lat' dir='ltr'><strong>De</strong></span> <span class='ocrx_word' id='word_1_69' title='bbox 1351 711 1484 752; x_wconf 82' lang='lat' dir='ltr'>Facie</span> <span class='ocrx_word' id='word_1_70' title='bbox 1515 711 1667 750; x_wconf 74' lang='lat' dir='ltr'><strong>Lunae</strong></span> 
     </span>
     <span class='ocr_line' id='line_1_11' title="bbox 331 766 1667 828; baseline -0.005 -14"><span class='ocrx_word' id='word_1_71' title='bbox 331 789 371 828; x_wconf 87' lang='lat' dir='ltr'>p.</span> <span class='ocrx_word' id='word_1_72' title='bbox 403 774 500 812; x_wconf 73' lang='lat'>943.</span> <span class='ocrx_word' id='word_1_73' title='bbox 533 771 583 812; x_wconf 82' lang='lat' dir='ltr'>F.</span> <span class='ocrx_word' id='word_1_74' title='bbox 616 771 709 824; x_wconf 85' lang='lat' dir='ltr'><strong>ipse</strong></span> <span class='ocrx_word' id='word_1_75' title='bbox 744 782 916 823; x_wconf 86' lang='lat' dir='ltr'>quoque</span> <span class='ocrx_word' id='word_1_76' title='bbox 946 767 1116 808; x_wconf 87' lang='lat' dir='ltr'>censuit</span> <span class='ocrx_word' id='word_1_77' title='bbox 1147 766 1341 808; x_wconf 82' lang='lat' dir='ltr'>divinum</span> <span class='ocrx_word' id='word_1_78' title='bbox 1372 781 1467 808; x_wconf 88' lang='lat' dir='ltr'><strong>esse</strong></span> <span class='ocrx_word' id='word_1_79' title='bbox 1501 766 1667 808; x_wconf 88' lang='lat' dir='ltr'>coelum</span> 
     </span>
     <span class='ocr_line' id='line_1_12' title="bbox 333 821 1667 883; baseline -0.004 -14"><span class='ocrx_word' id='word_1_80' title='bbox 333 836 376 869; x_wconf 91' lang='lat' dir='ltr'>et</span> <span class='ocrx_word' id='word_1_81' title='bbox 405 828 548 869; x_wconf 85' lang='lat' dir='ltr'><strong>sidera</strong></span> <span class='ocrx_word' id='word_1_82' title='bbox 577 828 706 883; x_wconf 81' lang='lat' dir='ltr'><strong>ignea</strong></span> <span class='ocrx_word' id='word_1_83' title='bbox 749 840 842 866; x_wconf 80' lang='lat' dir='ltr'><strong>esse</strong></span> <span class='ocrx_word' id='word_1_84' title='bbox 883 823 987 864; x_wconf 84' lang='lat' dir='ltr'><strong>deos</strong></span> <span class='ocrx_word' id='word_1_85' title='bbox 1019 821 1270 879; x_wconf 73' lang='lat' dir='ltr'>Olympios,</span> <span class='ocrx_word' id='word_1_86' title='bbox 1311 827 1352 864; x_wconf 91' lang='lat' dir='ltr'>in</span> <span class='ocrx_word' id='word_1_87' title='bbox 1393 838 1479 877; x_wconf 88' lang='lat' dir='ltr'>quo</span> <span class='ocrx_word' id='word_1_88' title='bbox 1518 837 1667 865; x_wconf 87' lang='lat' dir='ltr'>rursus</span> 
     </span>
     <span class='ocr_line' id='line_1_13' title="bbox 330 880 1668 941; baseline -0.005 -14"><span class='ocrx_word' id='word_1_89' title='bbox 330 885 509 941; x_wconf 88' lang='lat' dir='ltr'>propius</span> <span class='ocrx_word' id='word_1_90' title='bbox 550 883 735 925; x_wconf 81' lang='lat' dir='ltr'>accessit</span> <span class='ocrx_word' id='word_1_91' title='bbox 771 881 825 923; x_wconf 82' lang='lat' dir='ltr'>ad</span> <span class='ocrx_word' id='word_1_92' title='bbox 864 881 999 936; x_wconf 79' lang='lat' dir='ltr'>ipsius</span> <span class='ocrx_word' id='word_1_93' title='bbox 1042 881 1237 922; x_wconf 80' lang='lat' dir='ltr'>Platonis</span> <span class='ocrx_word' id='word_1_94' title='bbox 1276 880 1497 922; x_wconf 86' lang='lat' dir='ltr'>doctrinae</span> <span class='ocrx_word' id='word_1_95' title='bbox 1537 880 1668 921; x_wconf 78' lang='lat' dir='ltr'>ratio-</span> 
     </span>
     <span class='ocr_line' id='line_1_14' title="bbox 330 936 1667 994; baseline -0.004 -10"><span class='ocrx_word' id='word_1_96' title='bbox 330 958 439 984; x_wconf 90' lang='lat' dir='ltr'><strong>nem.</strong></span> <span class='ocrx_word' id='word_1_97' title='bbox 504 940 672 982; x_wconf 82' lang='lat' dir='ltr'>Deinde</span> <span class='ocrx_word' id='word_1_98' title='bbox 708 937 977 994; x_wconf 87' lang='lat' dir='ltr'>Epinomidis</span> <span class='ocrx_word' id='word_1_99' title='bbox 1009 943 1161 978; x_wconf 82' lang='lat' dir='ltr'>auctor</span> <span class='ocrx_word' id='word_1_100' title='bbox 1190 936 1446 978; x_wconf 82' lang='lat' dir='ltr'><strong>daemonum</strong></span> <span class='ocrx_word' id='word_1_101' title='bbox 1473 944 1667 978; x_wconf 84' lang='lat' dir='ltr'>naturam</span> 
     </span>
     <span class='ocr_line' id='line_1_15' title="bbox 329 993 1669 1053; baseline -0.004 -13"><span class='ocrx_word' id='word_1_102' title='bbox 329 998 447 1053; x_wconf 88' lang='lat' dir='ltr'>quod</span> <span class='ocrx_word' id='word_1_103' title='bbox 475 998 530 1038; x_wconf 85' lang='lat' dir='ltr'>ad</span> <span class='ocrx_word' id='word_1_104' title='bbox 561 997 776 1038; x_wconf 79' lang='lat' dir='ltr'><strong>aetherem</strong></span> <span class='ocrx_word' id='word_1_105' title='bbox 808 995 960 1045; x_wconf 74' lang='lat' dir='ltr'><strong>refert,</strong></span> <span class='ocrx_word' id='word_1_106' title='bbox 994 993 1038 1034; x_wconf 91' lang='lat' dir='ltr'>in</span> <span class='ocrx_word' id='word_1_107' title='bbox 1071 1008 1120 1034; x_wconf 87' lang='lat' dir='ltr'>eo</span> <span class='ocrx_word' id='word_1_108' title='bbox 1151 993 1235 1048; x_wconf 86' lang='lat' dir='ltr'>ipsi</span> <span class='ocrx_word' id='word_1_109' title='bbox 1266 994 1472 1035; x_wconf 85' lang='lat' dir='ltr'>convenit</span> <span class='ocrx_word' id='word_1_110' title='bbox 1497 993 1669 1048; x_wconf 89' lang='lat' dir='ltr'>quidem</span> 
     </span>
     <span class='ocr_line' id='line_1_16' title="bbox 330 1050 1667 1104; baseline -0.004 -7"><span class='ocrx_word' id='word_1_111' title='bbox 330 1071 426 1097; x_wconf 89' lang='lat' dir='ltr'>cum</span> <span class='ocrx_word' id='word_1_112' title='bbox 466 1053 701 1096; x_wconf 82' lang='lat' dir='ltr'>Posidonio</span> <span class='ocrx_word' id='word_1_113' title='bbox 744 1051 916 1103; x_wconf 81' lang='lat' dir='ltr'>Stoico⁷</span> <span class='ocrx_word' id='word_1_114' title='bbox 958 1050 1010 1091; x_wconf 85' lang='lat' dir='ltr'>de</span> <span class='ocrx_word' id='word_1_115' title='bbox 1043 1065 1130 1104; x_wconf 85' lang='lat' dir='ltr'>quo</span> <span class='ocrx_word' id='word_1_116' title='bbox 1162 1051 1496 1092; x_wconf 80' lang='lat' dir='ltr'>Macrobius.</span> <span class='ocrx_word' id='word_1_117' title='bbox 1519 1050 1667 1092; x_wconf 86' lang='lat' dir='ltr'>Satur-</span> 
     </span>
     <span class='ocr_line' id='line_1_17' title="bbox 332 1106 1669 1153; baseline -0.004 0"><span class='ocrx_word' id='word_1_118' title='bbox 332 1113 414 1153; x_wconf 82' lang='lat' dir='ltr'>nal.</span> <span class='ocrx_word' id='word_1_119' title='bbox 453 1112 487 1152; x_wconf 91' lang='lat' dir='ltr'>I.</span> <span class='ocrx_word' id='word_1_120' title='bbox 529 1112 594 1153; x_wconf 73' lang='lat'>23.</span> <span class='ocrx_word' id='word_1_121' title='bbox 626 1110 829 1152; x_wconf 85' lang='lat' dir='ltr'><strong>Nomen</strong></span> <span class='ocrx_word' id='word_1_122' title='bbox 870 1113 1050 1148; x_wconf 86' lang='lat' dir='ltr'><strong>autem</strong></span> <span class='ocrx_word' id='word_1_123' title='bbox 1082 1106 1406 1148; x_wconf 84' lang='lat' dir='ltr'><strong>daemonum</strong></span> <span class='ocrx_word' id='word_1_124' title='bbox 1436 1122 1553 1149; x_wconf 90' lang='lat' dir='ltr'>cum</span> <span class='ocrx_word' id='word_1_125' title='bbox 1585 1107 1669 1148; x_wconf 77' lang='lat' dir='ltr'>de—</span> 
     </span>
     <span class='ocr_line' id='line_1_18' title="bbox 330 1164 1669 1224; baseline -0.004 -14"><span class='ocrx_word' id='word_1_126' title='bbox 330 1185 482 1210; x_wconf 86' lang='lat' dir='ltr'>orum</span> <span class='ocrx_word' id='word_1_127' title='bbox 537 1166 925 1224; x_wconf 76' lang='lat' dir='ltr'><strong>appellatione</strong></span> <span class='ocrx_word' id='word_1_128' title='bbox 973 1164 1269 1220; x_wconf 79' lang='lat' dir='ltr'>coniungit</span> <span class='ocrx_word' id='word_1_129' title='bbox 1310 1164 1469 1218; x_wconf 80' lang='lat' dir='ltr'>(Plato</span> <span class='ocrx_word' id='word_1_130' title='bbox 1509 1164 1553 1205; x_wconf 87' lang='lat' dir='ltr'>in</span> <span class='ocrx_word' id='word_1_131' title='bbox 1596 1164 1669 1205; x_wconf 89' lang='lat' dir='ltr'>Ti-</span> 
     </span>
     <span class='ocr_line' id='line_1_19' title="bbox 330 1216 1670 1278; baseline -0.004 -11"><span class='ocrx_word' id='word_1_132' title='bbox 330 1226 481 1278; x_wconf 82' lang='lat' dir='ltr'><strong>maeo)</strong></span> <span class='ocrx_word' id='word_1_133' title='bbox 517 1231 609 1266; x_wconf 76' lang='lat' dir='ltr'>aut</span> <span class='ocrx_word' id='word_1_134' title='bbox 649 1223 778 1278; x_wconf 82' lang='lat' dir='ltr'>quia</span> <span class='ocrx_word' id='word_1_135' title='bbox 812 1227 941 1263; x_wconf 85' lang='lat' dir='ltr'>suut</span> <span class='ocrx_word' id='word_1_136' title='bbox 973 1216 1262 1274; x_wconf 52' lang='grc' dir='ltr'>δαίμονές..</span> <span class='ocrx_word' id='word_1_137' title='bbox 1304 1221 1560 1262; x_wconf 85' lang='lat' dir='ltr'><strong>scientes</strong></span> <span class='ocrx_word' id='word_1_138' title='bbox 1595 1221 1670 1262; x_wconf 88' lang='lat' dir='ltr'>fu-</span> 
     </span>
     <span class='ocr_line' id='line_1_20' title="bbox 330 1277 1668 1334; baseline -0.003 -10"><span class='ocrx_word' id='word_1_139' title='bbox 330 1283 471 1334; x_wconf 67' lang='lat' dir='ltr'>turi,</span> <span class='ocrx_word' id='word_1_140' title='bbox 515 1291 628 1332; x_wconf 75' lang='lat' dir='ltr'>aut,</span> <span class='ocrx_word' id='word_1_141' title='bbox 670 1287 725 1321; x_wconf 88' lang='lat' dir='ltr'>ut</span> <span class='ocrx_word' id='word_1_142' title='bbox 756 1277 1096 1320; x_wconf 82' lang='lat' dir='ltr'>Posidonius</span> <span class='ocrx_word' id='word_1_143' title='bbox 1138 1278 1346 1320; x_wconf 87' lang='lat' dir='ltr'>scr&#39;ibit</span> <span class='ocrx_word' id='word_1_144' title='bbox 1386 1278 1436 1319; x_wconf 89' lang='lat' dir='ltr'>in</span> <span class='ocrx_word' id='word_1_145' title='bbox 1477 1278 1668 1329; x_wconf 81' lang='lat' dir='ltr'>libris,</span> 
     </span>
     <span class='ocr_line' id='line_1_21' title="bbox 333 1333 1668 1394; baseline -0.004 -14"><span class='ocrx_word' id='word_1_146' title='bbox 333 1339 533 1394; x_wconf 84' lang='lat' dir='ltr'>quibus</span> <span class='ocrx_word' id='word_1_147' title='bbox 575 1337 781 1378; x_wconf 86' lang='lat' dir='ltr'>titulus</span> <span class='ocrx_word' id='word_1_148' title='bbox 822 1342 906 1377; x_wconf 90' lang='lat' dir='ltr'>est</span> <span class='ocrx_word' id='word_1_149' title='bbox 945 1352 1068 1389; x_wconf 72' lang='grc' dir='ltr'>περι</span> <span class='ocrx_word' id='word_1_150' title='bbox 1110 1333 1297 1388; x_wconf 73' lang='grc' dir='ltr'><em>ἡρώων</em></span> <span class='ocrx_word' id='word_1_151' title='bbox 1339 1339 1426 1376; x_wconf 79' lang='grc' dir='ltr'>καὶ</span> <span class='ocrx_word' id='word_1_152' title='bbox 1482 1338 1668 1388; x_wconf 73' lang='grc' dir='ltr'><em>δαιμό-</em></span> 
     </span>
     <span class='ocr_line' id='line_1_22' title="bbox 334 1391 1668 1449; baseline -0.004 -12"><span class='ocrx_word' id='word_1_153' title='bbox 334 1413 459 1445; x_wconf 78' lang='grc' dir='ltr'>νων,</span> <span class='ocrx_word' id='word_1_154' title='bbox 490 1397 618 1449; x_wconf 80' lang='lat' dir='ltr'>quia</span> <span class='ocrx_word' id='word_1_155' title='bbox 647 1410 707 1436; x_wconf 86' lang='lat' dir='ltr'>ex</span> <span class='ocrx_word' id='word_1_156' title='bbox 739 1393 1003 1434; x_wconf 79' lang='lat' dir='ltr'><strong>aetherea</strong></span> <span class='ocrx_word' id='word_1_157' title='bbox 1034 1391 1364 1433; x_wconf 79' lang='lat' dir='ltr'>substantia</span> <span class='ocrx_word' id='word_1_158' title='bbox 1394 1401 1556 1447; x_wconf 82' lang='lat' dir='ltr'>parta</span> <span class='ocrx_word' id='word_1_159' title='bbox 1597 1397 1668 1432; x_wconf 89' lang='lat' dir='ltr'>at-</span> 
     </span>
     <span class='ocr_line' id='line_1_23' title="bbox 335 1448 1671 1508; baseline -0.004 -14"><span class='ocrx_word' id='word_1_160' title='bbox 335 1468 434 1508; x_wconf 88' lang='lat' dir='ltr'><strong>que</strong></span> <span class='ocrx_word' id='word_1_161' title='bbox 467 1452 652 1493; x_wconf 82' lang='lat' dir='ltr'>divisa</span> <span class='ocrx_word' id='word_1_162' title='bbox 682 1451 934 1505; x_wconf 79' lang='lat' dir='ltr'>qualitas</span> <span class='ocrx_word' id='word_1_163' title='bbox 967 1449 1088 1490; x_wconf 89' lang='lat' dir='ltr'>illis</span> <span class='ocrx_word' id='word_1_164' title='bbox 1121 1458 1225 1498; x_wconf 85' lang='lat' dir='ltr'><strong>est3</strong></span> <span class='ocrx_word' id='word_1_165' title='bbox 1258 1448 1337 1489; x_wconf 90' lang='lat' dir='ltr'>sed</span> <span class='ocrx_word' id='word_1_166' title='bbox 1367 1448 1539 1489; x_wconf 83' lang='lat' dir='ltr'>minime</span> <span class='ocrx_word' id='word_1_167' title='bbox 1570 1462 1671 1488; x_wconf 87' lang='lat' dir='ltr'>con-</span> 
     </span>
     <span class='ocr_line' id='line_1_24' title="bbox 335 1505 1673 1561; baseline -0.004 -10"><span class='ocrx_word' id='word_1_168' title='bbox 335 1510 456 1552; x_wconf 90' lang='lat' dir='ltr'><strong>venit</strong></span> <span class='ocrx_word' id='word_1_169' title='bbox 485 1525 581 1551; x_wconf 85' lang='lat' dir='ltr'><strong>eum</strong></span> <span class='ocrx_word' id='word_1_170' title='bbox 613 1507 912 1557; x_wconf 75' lang='lat' dir='ltr'>Academicis,</span> <span class='ocrx_word' id='word_1_171' title='bbox 956 1506 1028 1561; x_wconf 88' lang='lat' dir='ltr'>qui</span> <span class='ocrx_word' id='word_1_172' title='bbox 1065 1512 1204 1546; x_wconf 89' lang='lat' dir='ltr'>ortum</span> <span class='ocrx_word' id='word_1_173' title='bbox 1245 1520 1390 1547; x_wconf 88' lang='lat' dir='ltr'><strong>eorum</strong></span> <span class='ocrx_word' id='word_1_174' title='bbox 1419 1505 1520 1546; x_wconf 88' lang='lat' dir='ltr'><strong>item</strong></span> <span class='ocrx_word' id='word_1_175' title='bbox 1551 1520 1673 1546; x_wconf 81' lang='lat' dir='ltr'><strong>revo-</strong></span> 
     </span>
     <span class='ocr_line' id='line_1_25' title="bbox 332 1561 1672 1617; baseline -0.004 -9"><span class='ocrx_word' id='word_1_176' title='bbox 332 1572 486 1609; x_wconf 85' lang='lat' dir='ltr'>carunt</span> <span class='ocrx_word' id='word_1_177' title='bbox 524 1565 579 1607; x_wconf 78' lang='lat' dir='ltr'>ad</span> <span class='ocrx_word' id='word_1_178' title='bbox 616 1579 840 1613; x_wconf 81' lang='lat' dir='ltr'><strong>numeros3</strong></span> <span class='ocrx_word' id='word_1_179' title='bbox 895 1563 938 1604; x_wconf 91' lang='lat' dir='ltr'>id</span> <span class='ocrx_word' id='word_1_180' title='bbox 983 1561 1099 1617; x_wconf 90' lang='lat' dir='ltr'>quod</span> <span class='ocrx_word' id='word_1_181' title='bbox 1146 1562 1355 1617; x_wconf 68' lang='lat' dir='ltr'>imprimis</span> <span class='ocrx_word' id='word_1_182' title='bbox 1407 1568 1579 1604; x_wconf 86' lang='lat' dir='ltr'>constat</span> <span class='ocrx_word' id='word_1_183' title='bbox 1620 1561 1672 1603; x_wconf 86' lang='lat' dir='ltr'>de</span> 
     </span>
     <span class='ocr_line' id='line_1_26' title="bbox 331 1618 1673 1675; baseline -0.004 -10"><span class='ocrx_word' id='word_1_184' title='bbox 331 1624 609 1672; x_wconf 59' lang='lat' dir='ltr'><strong>Xenocrate.</strong></span> <span class='ocrx_word' id='word_1_185' title='bbox 641 1622 763 1663; x_wconf 89' lang='lat' dir='ltr'>cuius</span> <span class='ocrx_word' id='word_1_186' title='bbox 795 1621 1021 1675; x_wconf 77' lang='lat' dir='ltr'>opiniones</span> <span class='ocrx_word' id='word_1_187' title='bbox 1051 1619 1284 1660; x_wconf 76' lang='lat' dir='ltr'>illustravit</span> <span class='ocrx_word' id='word_1_188' title='bbox 1314 1618 1673 1675; x_wconf 49' lang='lat' dir='ltr'><strong>NVympersse</strong></span> 
     </span>
     <span class='ocr_line' id='line_1_27' title="bbox 331 1675 1673 1734; baseline -0.004 -13"><span class='ocrx_word' id='word_1_189' title='bbox 331 1682 357 1724; x_wconf 92' lang='lat' dir='ltr'>l.</span> <span class='ocrx_word' id='word_1_190' title='bbox 389 1695 425 1721; x_wconf 93' lang='lat' dir='ltr'>c.</span> <span class='ocrx_word' id='word_1_191' title='bbox 465 1695 507 1734; x_wconf 89' lang='lat' dir='ltr'>p.</span> <span class='ocrx_word' id='word_1_192' title='bbox 548 1681 615 1720; x_wconf 72' lang='lat'>97.</span> <span class='ocrx_word' id='word_1_193' title='bbox 657 1694 752 1733; x_wconf 88' lang='lat' dir='ltr'>sqq.</span> <span class='ocrx_word' id='word_1_194' title='bbox 833 1678 1034 1730; x_wconf 88' lang='lat' dir='ltr'><strong>Denique</strong></span> <span class='ocrx_word' id='word_1_195' title='bbox 1074 1676 1268 1730; x_wconf 87' lang='lat' dir='ltr'>quinque</span> <span class='ocrx_word' id='word_1_196' title='bbox 1308 1676 1518 1716; x_wconf 84' lang='lat' dir='ltr'><strong>elementa</strong></span> <span class='ocrx_word' id='word_1_197' title='bbox 1557 1675 1673 1729; x_wconf 85' lang='lat' dir='ltr'>quod</span> 
     </span>
     <span class='ocr_line' id='line_1_28' title="bbox 332 1731 1672 1789; baseline -0.004 -10"><span class='ocrx_word' id='word_1_198' title='bbox 332 1736 509 1788; x_wconf 75' lang='lat' dir='ltr'>statuit,</span> <span class='ocrx_word' id='word_1_199' title='bbox 553 1751 638 1789; x_wconf 87' lang='lat' dir='ltr'>quo</span> <span class='ocrx_word' id='word_1_200' title='bbox 669 1735 835 1776; x_wconf 90' lang='lat' dir='ltr'>scilicet</span> <span class='ocrx_word' id='word_1_201' title='bbox 864 1740 1017 1774; x_wconf 82' lang='lat' dir='ltr'>natura</span> <span class='ocrx_word' id='word_1_202' title='bbox 1048 1732 1303 1773; x_wconf 86' lang='lat' dir='ltr'><strong>daemonum</strong></span> <span class='ocrx_word' id='word_1_203' title='bbox 1337 1731 1544 1773; x_wconf 85' lang='lat' dir='ltr'>declarari</span> <span class='ocrx_word' id='word_1_204' title='bbox 1574 1747 1672 1787; x_wconf 89' lang='lat' dir='ltr'>pos-</span> 
     </span>
     <span class='ocr_line' id='line_1_29' title="bbox 333 1789 1672 1846; baseline -0.004 -11"><span class='ocrx_word' id='word_1_205' title='bbox 333 1800 422 1846; x_wconf 73' lang='lat' dir='ltr'><strong>set,</strong></span> <span class='ocrx_word' id='word_1_206' title='bbox 457 1800 634 1834; x_wconf 86' lang='lat' dir='ltr'>secutus</span> <span class='ocrx_word' id='word_1_207' title='bbox 663 1791 835 1832; x_wconf 83' lang='lat' dir='ltr'>videtur</span> <span class='ocrx_word' id='word_1_208' title='bbox 866 1790 946 1837; x_wconf 80' lang='lat' dir='ltr'>hac</span> <span class='ocrx_word' id='word_1_209' title='bbox 976 1789 1020 1830; x_wconf 87' lang='lat' dir='ltr'>in</span> <span class='ocrx_word' id='word_1_210' title='bbox 1050 1804 1094 1830; x_wconf 89' lang='lat' dir='ltr'>re</span> <span class='ocrx_word' id='word_1_211' title='bbox 1130 1789 1504 1844; x_wconf 76' lang='lat' dir='ltr'>Pythagoreorum</span> <span class='ocrx_word' id='word_1_212' title='bbox 1541 1789 1672 1830; x_wconf 85' lang='lat' dir='ltr'>ratio-</span> 
     </span>
     <span class='ocr_line' id='line_1_30' title="bbox 333 1844 1670 1904; baseline -0.004 -13"><span class='ocrx_word' id='word_1_213' title='bbox 333 1866 454 1901; x_wconf 64' lang='lat' dir='ltr'><strong>nem,</strong></span> <span class='ocrx_word' id='word_1_214' title='bbox 499 1848 849 1904; x_wconf 83' lang='lat' dir='ltr'>quandoquidem</span> <span class='ocrx_word' id='word_1_215' title='bbox 892 1845 1293 1887; x_wconf 83' lang='lat' dir='ltr'><strong>Theodoretus</strong></span> <span class='ocrx_word' id='word_1_216' title='bbox 1340 1846 1407 1886; x_wconf 91' lang='lat' dir='ltr'>De</span> <span class='ocrx_word' id='word_1_217' title='bbox 1450 1844 1550 1887; x_wconf 88' lang='lat' dir='ltr'>Cur.</span> <span class='ocrx_word' id='word_1_218' title='bbox 1585 1844 1670 1886; x_wconf 77' lang='lat' dir='ltr'>Afl.</span> 
     </span>
     <span class='ocr_line' id='line_1_31' title="bbox 334 1902 1672 1962; baseline -0.004 -14"><span class='ocrx_word' id='word_1_219' title='bbox 334 1907 412 1949; x_wconf 86' lang='lat' dir='ltr'>Gr.</span> <span class='ocrx_word' id='word_1_220' title='bbox 447 1907 500 1947; x_wconf 89' lang='lat' dir='ltr'>V.</span> <span class='ocrx_word' id='word_1_221' title='bbox 534 1923 573 1962; x_wconf 80' lang='lat' dir='ltr'>p.</span> <span class='ocrx_word' id='word_1_222' title='bbox 613 1909 702 1946; x_wconf 61' lang='lat'><strong>1⁶25.</strong></span> <span class='ocrx_word' id='word_1_223' title='bbox 748 1904 815 1946; x_wconf 89' lang='lat' dir='ltr'><strong>ed.</strong></span> <span class='ocrx_word' id='word_1_224' title='bbox 857 1902 993 1945; x_wconf 83' lang='lat' dir='ltr'>Gaisf.</span> <span class='ocrx_word' id='word_1_225' title='bbox 1037 1902 1316 1959; x_wconf 80' lang='lat' dir='ltr'><strong>Pythagorae</strong></span> <span class='ocrx_word' id='word_1_226' title='bbox 1358 1902 1566 1957; x_wconf 80' lang='lat' dir='ltr'>quosdam</span> <span class='ocrx_word' id='word_1_227' title='bbox 1607 1917 1672 1944; x_wconf 86' lang='lat' dir='ltr'>se-</span> 
     </span>
     <span class='ocr_line' id='line_1_32' title="bbox 332 1959 1673 2016; baseline -0.004 -11"><span class='ocrx_word' id='word_1_228' title='bbox 332 1970 520 2005; x_wconf 83' lang='lat' dir='ltr'><strong>ctatores</strong></span> <span class='ocrx_word' id='word_1_229' title='bbox 551 1968 698 2004; x_wconf 83' lang='lat' dir='ltr'>narrat</span> <span class='ocrx_word' id='word_1_230' title='bbox 727 1976 911 2016; x_wconf 86' lang='lat' dir='ltr'>corpora</span> <span class='ocrx_word' id='word_1_231' title='bbox 942 1959 1132 2001; x_wconf 76' lang='lat' dir='ltr'>voluisse</span> <span class='ocrx_word' id='word_1_232' title='bbox 1162 1967 1361 2001; x_wconf 80' lang='lat' dir='ltr'><strong>constare</strong></span> <span class='ocrx_word' id='word_1_233' title='bbox 1402 1974 1454 2000; x_wconf 82' lang='lat' dir='ltr'>ex</span> <span class='ocrx_word' id='word_1_234' title='bbox 1485 1959 1673 2013; x_wconf 90' lang='lat' dir='ltr'>quinque</span> 
     </span>
     <span class='ocr_line' id='line_1_33' title="bbox 332 2016 1674 2073; baseline -0.005 -10"><span class='ocrx_word' id='word_1_235' title='bbox 332 2020 577 2073; x_wconf 81' lang='lat' dir='ltr'><strong>elementis,</strong></span> <span class='ocrx_word' id='word_1_236' title='bbox 609 2019 794 2073; x_wconf 89' lang='lat' dir='ltr'><strong>ideoque</strong></span> <span class='ocrx_word' id='word_1_237' title='bbox 826 2017 938 2059; x_wconf 86' lang='lat' dir='ltr'>notis</span> <span class='ocrx_word' id='word_1_238' title='bbox 969 2017 1052 2058; x_wconf 90' lang='lat' dir='ltr'>illis</span> <span class='ocrx_word' id='word_1_239' title='bbox 1085 2023 1270 2071; x_wconf 86' lang='lat' dir='ltr'>quatuor</span> <span class='ocrx_word' id='word_1_240' title='bbox 1299 2016 1519 2058; x_wconf 83' lang='lat' dir='ltr'><strong>elementis</strong></span> <span class='ocrx_word' id='word_1_241' title='bbox 1550 2016 1674 2069; x_wconf 88' lang='lat' dir='ltr'>quin-</span> 
     </span>
     <span class='ocr_line' id='line_1_34' title="bbox 334 2072 1672 2127; baseline -0.005 -7"><span class='ocrx_word' id='word_1_242' title='bbox 334 2086 424 2120; x_wconf 87' lang='lat' dir='ltr'>tum</span> <span class='ocrx_word' id='word_1_243' title='bbox 455 2077 702 2117; x_wconf 83' lang='lat' dir='ltr'><strong>aethereum</strong></span> <span class='ocrx_word' id='word_1_244' title='bbox 728 2075 989 2116; x_wconf 68' lang='lat' dir='ltr'>adiunxisse.</span> <span class='ocrx_word' id='word_1_245' title='bbox 1051 2073 1138 2116; x_wconf 87' lang='lat' dir='ltr'><strong>Sed</strong></span> <span class='ocrx_word' id='word_1_246' title='bbox 1163 2074 1245 2114; x_wconf 86' lang='lat' dir='ltr'>isto</span> <span class='ocrx_word' id='word_1_247' title='bbox 1265 2072 1393 2114; x_wconf 90' lang='lat' dir='ltr'><strong>modo</strong></span> <span class='ocrx_word' id='word_1_248' title='bbox 1415 2087 1672 2127; x_wconf 83' lang='lat' dir='ltr'>quamquam</span> 
     </span>
     <span class='ocr_line' id='line_1_35' title="bbox 335 2130 1672 2185; baseline -0.004 -10"><span class='ocrx_word' id='word_1_249' title='bbox 335 2133 623 2175; x_wconf 76' lang='lat' dir='ltr'><strong>Academicos</strong></span> <span class='ocrx_word' id='word_1_250' title='bbox 664 2133 706 2173; x_wconf 88' lang='lat' dir='ltr'>in</span> <span class='ocrx_word' id='word_1_251' title='bbox 746 2147 796 2173; x_wconf 88' lang='lat' dir='ltr'>eo</span> <span class='ocrx_word' id='word_1_252' title='bbox 833 2131 1026 2172; x_wconf 83' lang='lat' dir='ltr'>imitatus</span> <span class='ocrx_word' id='word_1_253' title='bbox 1057 2137 1144 2183; x_wconf 77' lang='lat' dir='ltr'><strong>est,</strong></span> <span class='ocrx_word' id='word_1_254' title='bbox 1189 2130 1305 2185; x_wconf 91' lang='lat' dir='ltr'>quod</span> <span class='ocrx_word' id='word_1_255' title='bbox 1336 2130 1672 2185; x_wconf 71' lang='lat' dir='ltr'>Pythagoricum</span> 
     </span>
     <span class='ocr_line' id='line_1_36' title="bbox 333 2186 1672 2246; baseline -0.004 -14"><span class='ocrx_word' id='word_1_256' title='bbox 333 2190 510 2246; x_wconf 80' lang='lat' dir='ltr'>aliquod</span> <span class='ocrx_word' id='word_1_257' title='bbox 541 2189 748 2244; x_wconf 84' lang='lat' dir='ltr'>placitum</span> <span class='ocrx_word' id='word_1_258' title='bbox 780 2202 882 2229; x_wconf 83' lang='lat' dir='ltr'><strong>suae</strong></span> <span class='ocrx_word' id='word_1_259' title='bbox 914 2188 1052 2242; x_wconf 84' lang='lat' dir='ltr'>ipsius</span> <span class='ocrx_word' id='word_1_260' title='bbox 1076 2187 1231 2228; x_wconf 87' lang='lat' dir='ltr'>rationi</span> <span class='ocrx_word' id='word_1_261' title='bbox 1255 2186 1498 2238; x_wconf 79' lang='lat' dir='ltr'>admiscuit,</span> <span class='ocrx_word' id='word_1_262' title='bbox 1531 2192 1672 2226; x_wconf 82' lang='lat' dir='ltr'><strong>tamen</strong></span> 
     </span>
     <span class='ocr_line' id='line_1_37' title="bbox 333 2243 1672 2301; baseline -0.004 -12"><span class='ocrx_word' id='word_1_263' title='bbox 333 2248 581 2301; x_wconf 64' lang='lat' dir='ltr'>longissime</span> <span class='ocrx_word' id='word_1_264' title='bbox 624 2247 723 2287; x_wconf 84' lang='lat' dir='ltr'><strong>item</strong></span> <span class='ocrx_word' id='word_1_265' title='bbox 777 2245 829 2286; x_wconf 86' lang='lat' dir='ltr'>ab</span> <span class='ocrx_word' id='word_1_266' title='bbox 875 2244 959 2285; x_wconf 90' lang='lat' dir='ltr'>illis</span> <span class='ocrx_word' id='word_1_267' title='bbox 1004 2243 1225 2295; x_wconf 76' lang='lat' dir='ltr'>discessit,</span> <span class='ocrx_word' id='word_1_268' title='bbox 1280 2243 1437 2298; x_wconf 87' lang='lat' dir='ltr'>quippe</span> <span class='ocrx_word' id='word_1_269' title='bbox 1489 2257 1672 2297; x_wconf 86' lang='lat' dir='ltr'>quorum</span> 
     </span>
     <span class='ocr_line' id='line_1_38' title="bbox 334 2299 1673 2356; baseline -0.004 -10"><span class='ocrx_word' id='word_1_270' title='bbox 334 2305 484 2347; x_wconf 78' lang='lat' dir='ltr'>schola.</span> <span class='ocrx_word' id='word_1_271' title='bbox 513 2304 629 2345; x_wconf 92' lang='lat' dir='ltr'>nullo</span> <span class='ocrx_word' id='word_1_272' title='bbox 659 2317 862 2356; x_wconf 83' lang='lat' dir='ltr'>umquam</span> <span class='ocrx_word' id='word_1_273' title='bbox 893 2307 1086 2355; x_wconf 86' lang='lat' dir='ltr'><strong>tempore</strong></span> <span class='ocrx_word' id='word_1_274' title='bbox 1129 2315 1220 2341; x_wconf 83' lang='lat' dir='ltr'>eam</span> <span class='ocrx_word' id='word_1_275' title='bbox 1260 2299 1518 2340; x_wconf 82' lang='lat' dir='ltr'><strong>sententiam</strong></span> <span class='ocrx_word' id='word_1_276' title='bbox 1558 2314 1673 2341; x_wconf 90' lang='lat' dir='ltr'>com-</span> 
     </span>
     <span class='ocr_line' id='line_1_39' title="bbox 334 2355 1673 2417; baseline -0.004 -15"><span class='ocrx_word' id='word_1_277' title='bbox 334 2361 544 2417; x_wconf 78' lang='lat' dir='ltr'>probavit.</span> <span class='ocrx_word' id='word_1_278' title='bbox 606 2359 694 2403; x_wconf 86' lang='lat' dir='ltr'>Sed</span> <span class='ocrx_word' id='word_1_279' title='bbox 725 2359 790 2401; x_wconf 89' lang='lat' dir='ltr'>his</span> <span class='ocrx_word' id='word_1_280' title='bbox 822 2357 1019 2399; x_wconf 89' lang='lat' dir='ltr'>omnibus</span> <span class='ocrx_word' id='word_1_281' title='bbox 1051 2372 1180 2397; x_wconf 90' lang='lat' dir='ltr'>unum</span> <span class='ocrx_word' id='word_1_282' title='bbox 1213 2355 1417 2410; x_wconf 86' lang='lat' dir='ltr'>quiddam</span> <span class='ocrx_word' id='word_1_283' title='bbox 1439 2355 1578 2397; x_wconf 87' lang='lat' dir='ltr'>adhuc</span> <span class='ocrx_word' id='word_1_284' title='bbox 1599 2355 1673 2396; x_wconf 83' lang='lat' dir='ltr'>ad-</span> 
     </span>
     <span class='ocr_line' id='line_1_40' title="bbox 335 2412 1673 2469; baseline -0.005 -10"><span class='ocrx_word' id='word_1_285' title='bbox 335 2418 499 2460; x_wconf 78' lang='lat' dir='ltr'>didisse</span> <span class='ocrx_word' id='word_1_286' title='bbox 531 2417 718 2468; x_wconf 79' lang='lat' dir='ltr'>iuvabit,</span> <span class='ocrx_word' id='word_1_287' title='bbox 761 2415 874 2457; x_wconf 88' lang='lat' dir='ltr'><strong>unde</strong></span> <span class='ocrx_word' id='word_1_288' title='bbox 904 2414 1215 2469; x_wconf 67' lang='lat' dir='ltr'>perspiciatur,</span> <span class='ocrx_word' id='word_1_289' title='bbox 1257 2414 1508 2468; x_wconf 77' lang='lat' dir='ltr'>scriptorem</span> <span class='ocrx_word' id='word_1_290' title='bbox 1540 2412 1673 2453; x_wconf 87' lang='lat' dir='ltr'>libelli</span> 
     </span>
     <span class='ocr_line' id='line_1_41' title="bbox 338 2467 1672 2529; baseline -0.005 -13"><span class='ocrx_word' id='word_1_291' title='bbox 338 2482 382 2516; x_wconf 78' lang='lat' dir='ltr'>et</span> <span class='ocrx_word' id='word_1_292' title='bbox 413 2483 643 2529; x_wconf 87' lang='lat' dir='ltr'>sequutum</span> <span class='ocrx_word' id='word_1_293' title='bbox 674 2487 767 2515; x_wconf 85' lang='lat' dir='ltr'><strong>esse</strong></span> <span class='ocrx_word' id='word_1_294' title='bbox 802 2471 1158 2514; x_wconf 85' lang='lat' dir='ltr'>Academicorum</span> <span class='ocrx_word' id='word_1_295' title='bbox 1191 2471 1399 2512; x_wconf 84' lang='lat' dir='ltr'><strong>rationem</strong></span> <span class='ocrx_word' id='word_1_296' title='bbox 1433 2476 1475 2511; x_wconf 83' lang='lat' dir='ltr'>et</span> <span class='ocrx_word' id='word_1_297' title='bbox 1495 2467 1672 2511; x_wconf 85' lang='lat' dir='ltr'><strong>eandem</strong></span> 
     </span>
     <span class='ocr_line' id='line_1_42' title="bbox 337 2526 1673 2583; baseline -0.005 -11"><span class='ocrx_word' id='word_1_298' title='bbox 337 2546 453 2572; x_wconf 84' lang='lat' dir='ltr'><strong>mero</strong></span> <span class='ocrx_word' id='word_1_299' title='bbox 486 2531 695 2572; x_wconf 83' lang='lat' dir='ltr'>arbitratu</span> <span class='ocrx_word' id='word_1_300' title='bbox 728 2544 805 2571; x_wconf 89' lang='lat' dir='ltr'>suo</span> <span class='ocrx_word' id='word_1_301' title='bbox 837 2528 1096 2583; x_wconf 82' lang='lat' dir='ltr'><strong>depravasse</strong></span> <span class='ocrx_word' id='word_1_302' title='bbox 1120 2534 1267 2583; x_wconf 85' lang='lat' dir='ltr'>utpote</span> <span class='ocrx_word' id='word_1_303' title='bbox 1289 2534 1448 2569; x_wconf 81' lang='lat' dir='ltr'><strong>temore</strong></span> <span class='ocrx_word' id='word_1_304' title='bbox 1471 2526 1673 2567; x_wconf 85' lang='lat' dir='ltr'>aliorsum</span> 
     </span>
     <span class='ocr_line' id='line_1_43' title="bbox 339 2584 1672 2639; baseline -0.005 -10"><span class='ocrx_word' id='word_1_305' title='bbox 339 2588 564 2629; x_wconf 76' lang='lat' dir='ltr'><strong>detortam.</strong></span> <span class='ocrx_word' id='word_1_306' title='bbox 635 2586 808 2628; x_wconf 85' lang='lat' dir='ltr'><strong>Etenim</strong></span> <span class='ocrx_word' id='word_1_307' title='bbox 851 2591 978 2627; x_wconf 86' lang='lat' dir='ltr'>notus</span> <span class='ocrx_word' id='word_1_308' title='bbox 1017 2591 1083 2625; x_wconf 75' lang='lat' dir='ltr'>ost</span> <span class='ocrx_word' id='word_1_309' title='bbox 1128 2585 1249 2626; x_wconf 83' lang='lat' dir='ltr'>locus</span> <span class='ocrx_word' id='word_1_310' title='bbox 1292 2584 1360 2625; x_wconf 91' lang='lat' dir='ltr'>ille</span> <span class='ocrx_word' id='word_1_311' title='bbox 1399 2584 1597 2639; x_wconf 86' lang='lat' dir='ltr'>Epinom.</span> <span class='ocrx_word' id='word_1_312' title='bbox 1631 2598 1672 2636; x_wconf 88' lang='lat' dir='ltr'>p.</span> 
     </span>
     <span class='ocr_line' id='line_1_44' title="bbox 336 2639 1672 2698; baseline -0.006 -11"><span class='ocrx_word' id='word_1_313' title='bbox 336 2646 430 2688; x_wconf 75' lang='lat'>991.</span> <span class='ocrx_word' id='word_1_314' title='bbox 463 2644 514 2684; x_wconf 81' lang='lat' dir='ltr'>E.</span> <span class='ocrx_word' id='word_1_315' title='bbox 548 2644 618 2685; x_wconf 89' lang='lat' dir='ltr'>ubi</span> <span class='ocrx_word' id='word_1_316' title='bbox 653 2643 932 2698; x_wconf 77' lang='lat' dir='ltr'>praecipitur,</span> <span class='ocrx_word' id='word_1_317' title='bbox 974 2641 1032 2682; x_wconf 74' lang='lat' dir='ltr'>ita</span> <span class='ocrx_word' id='word_1_318' title='bbox 1061 2641 1229 2683; x_wconf 86' lang='lat' dir='ltr'><strong>demum</strong></span> <span class='ocrx_word' id='word_1_319' title='bbox 1260 2647 1372 2682; x_wconf 84' lang='lat' dir='ltr'><strong>artes</strong></span> <span class='ocrx_word' id='word_1_320' title='bbox 1403 2656 1452 2682; x_wconf 87' lang='lat' dir='ltr'>ac</span> <span class='ocrx_word' id='word_1_321' title='bbox 1482 2639 1672 2694; x_wconf 86' lang='lat' dir='ltr'>discipli-</span> 
     </span>
     <span class='ocr_line' id='line_1_45' title="bbox 338 2694 1672 2755; baseline -0.004 -12"><span class='ocrx_word' id='word_1_322' title='bbox 338 2715 411 2743; x_wconf 84' lang='lat' dir='ltr'>nas</span> <span class='ocrx_word' id='word_1_323' title='bbox 452 2707 567 2743; x_wconf 82' lang='lat' dir='ltr'><strong>recte</strong></span> <span class='ocrx_word' id='word_1_324' title='bbox 611 2699 744 2752; x_wconf 82' lang='lat' dir='ltr'>disci,</span> <span class='ocrx_word' id='word_1_325' title='bbox 790 2699 825 2741; x_wconf 91' lang='lat' dir='ltr'>si</span> <span class='ocrx_word' id='word_1_326' title='bbox 865 2698 1036 2755; x_wconf 80' lang='lat' dir='ltr'>singula</span> <span class='ocrx_word' id='word_1_327' title='bbox 1076 2713 1244 2754; x_wconf 82' lang='lat' dir='ltr'><strong>semper</strong></span> <span class='ocrx_word' id='word_1_328' title='bbox 1288 2697 1342 2740; x_wconf 84' lang='lat' dir='ltr'>ad</span> <span class='ocrx_word' id='word_1_329' title='bbox 1385 2712 1516 2739; x_wconf 88' lang='lat' dir='ltr'>unum</span> <span class='ocrx_word' id='word_1_330' title='bbox 1548 2694 1672 2751; x_wconf 91' lang='lat' dir='ltr'>quid-</span> 
     </span>
    </p>
   </div>
  </div>
 </body>
</html>
