1781 2971
301 160 380 201 DE
417 158 686 202 LEGlssFS
724 160 835 201 ΜΒ.
874 159 952 200 IX.
994 159 1037 200 P.
1072 161 1165 201 871.
1198 160 1261 200 St.
1426 161 1474 198 ἵε)

126 281 196 319 και
233 276 434 330 μάντεων
471 280 541 318 καὶ
578 277 656 318 τοῦ
696 276 808 316 θεοῦ
844 277 1263 330 νομοθετησάμενοι
1302 275 1380 326 τὰς
1417 279 1473 318 ὸι-

126 360 204 393 κας
263 341 526 397 εὶςαγόντων
575 342 755 391 ταύτας.
815 342 1026 393 δικαστάς
1075 345 1117 385 δὲ
1167 342 1330 385 αὐτῶν
1364 341 1475 386 εἶναι

126 410 231 460 τοὺς
274 409 461 460 αὐτούς,
511 406 671 464 οῧςπερ
712 417 800 458 τοῖς
839 407 892 450 τα
934 409 1028 465 ἱερὰ
1073 411 1232 452 συλῶσι
1267 410 1476 452 διαδικα-

126 478 212 529 ζειν
247 475 426 535 ἐρρήθη
456 480 621 532 κυρίως.
663 473 685 518 ὁ
715 477 759 518 δὲ
794 472 945 533 ὅφλων
981 476 1174 530 θανάτῳ
1214 477 1476 531 ζημιούσθω

124 546 203 586 καὶ
233 543 292 598 μὴ
331 548 377 586 ἐν
413 545 464 603 τῇ
497 545 575 585 τοῦ
612 541 850 590 παθόντος
882 542 1004 597 χώρᾳ
1042 545 1312 598 θαπτέσθω,
1350 542 1477 586 ἀναι-

125 612 242 660 δείας
276 614 399 653 ἕνεκα
437 608 550 664 πρὸς
589 611 648 663 τῷ
685 608 874 662 ἀσεβεῖν.
913 607 1066 666 φυγών
1103 611 1147 651 δὲ
1183 612 1254 651 καὶ
1292 608 1352 663 μὴ
1378 609 1475 653 ’ffe-

124 677 263 729 λήσας
298 681 438 732 κρίσιν
467 675 673 730 ὑποσχεῖν
710 678 900 732 φευγέτω
937 673 1197 732 αειᾳυγιάν·
1233 680 1312 718 ὲαν
1342 679 1384 718 δὲ
1414 694 1477 726 τις

124 745 250 803 ἐπιβῇ
287 760 373 786 που
404 744 492 784 τῶν
523 744 600 792 τῆς
636 743 716 783 τοῦ
754 744 1060 797 φονευθέντος
1091 740 1252 798 χώρας,
1291 740 1314 784 ὁ
1344 759 1478 798 προς·

123 809 265 864 τυχών
301 811 474 865 πρῶτος
520 810 607 850 τῶν
645 812 812 850 οὶκείων
850 809 928 850 τοῦ
975 807 1307 858 ἀποθανόντος
1344 807 1367 861 ἢ
1404 811 1477 852 καὶ

123 878 211 918 τῶν
257 877 452 918 πολιτῶν
489 874 643 918 ἀνατεὶ
694 878 890 916 κτεινέτω
928 871 953 926 ἢ
990 873 1128 926 δήσας
1165 883 1255 925 τοῖς
1290 873 1473 931 ἄρχουσι

122 944 210 985 τῶν
255 940 335 994 τὴν
382 944 506 994 (δίκην
551 939 796 997 κρινάντων
843 950 1009 984 κτεῖναι
1054 941 1309 997 παραδότω.
1357 941 1379 985 ὁ
1431 945 1475 986 δὲ

121 1010 494 1064 ἐπισκηπτόμενος
535 1006 630 1063 ἅμα
668 1011 738 1050 καὶ
787 1007 1067 1062 κατεγγυάτω
1107 1007 1184 1052 τὸν
1221 1003 1253 1064 ᾧ
1293 1007 1352 1052 ἂν
1385 1014 1476 1052 ἐπι-

123 1075 391 1129 σκήπτηται’
428 1074 451 1119 ὁ
490 1078 534 1118 δὲ
568 1081 786 1132 παρεχέτω
827 1074 930 1125 τοὺς
964 1076 1198 1130 ἐγγυητάς,
1244 1075 1479 1132 ἀξιόχρεως

123 1207 213 1238 coni.
244 1203 389 1243 τούτων,
415 1211 448 1238 et
474 1206 524 1238 sic
549 1215 668 1236 omnes
694 1215 780 1237 rece.
810 1205 908 1236 editt.
936 1210 1075 1247 praeter
1102 1204 1267 1237 Schneid.

214 1252 256 1283 E.
307 1248 452 1284 ἀνατεὶ
489 1250 704 1292 κτεινετω]
742 1248 837 1282 ἀνατὶ
864 1252 906 1282 A.
937 1257 970 1284 et
1004 1262 1091 1284 corr.
1126 1249 1163 1283 Ω.

122 1297 304 1330 Bekkerus
329 1308 406 1330 mav
413 1299 462 1329 ult·
491 1295 660 1329 κτεινάτω.

124 1409 160 1441 δὲ
184 1397 359 1441 ἀκουσιίιῗς
384 1408 546 1441 αἰδέσεως
573 1410 626 1441 καὶ
643 1411 760 1450 φιλαν-

122 1455 282 1497 θρωπίας
316 1455 442 1497 πολλῆς
468 1453 630 1498 ἠξίωσαν.
680 1457 762 1487 An-

123 1502 228 1543 tiph.
274 1502 328 1533 De
359 1503 464 1534 caede
495 1503 586 1534 Her.'
619 1513 651 1543 p.
685 1501 762 1535 709.

123 1548 186 1579 τοῦ
224 1546 334 1587 νόμον
372 1547 544 1586 κειμένου,
580 1545 639 1578 τὸν
677 1544 762 1578 dno-

123 1594 297 1625 κτείναντα
311 1589 579 1625 α’νταποθανεῖν.
607 1594 664 1625 Ad
681 1604 763 1634 pro-

122 1641 217 1672 xima
241 1640 335 1672 conf.
367 1639 585 1672 Demosth.
618 1639 654 1670 in
681 1641 761 1670 Ari-

122 1691 228 1718 stocr.
259 1696 291 1726 p.
327 1685 405 1719 634.
439 1686 507 1717 ἔστι
541 1685 644 1716 πᾶσιν
678 1682 762 1725 ὅρος

122 1736 193 1763 τοῖς
227 1727 468 1772 ἀνδροφόνοις
503 1732 562 1772 τῆς
599 1731 661 1762 τοῦ
698 1742 759 1762 πα-

121 1776 255 1809 θόντος
290 1778 468 1819 εἴργεσθαι
504 1776 683 1819 πατρίδος·
724 1776 760 1808 ἐκ

122 1823 182 1863 μὲν
223 1821 265 1865 δὴ
306 1823 437 1865 ταύτης
480 1822 620 1855 δίδωσιν
661 1821 757 1854 ἐλαύ-

122 1881 194 1902 νειν
219 1881 248 1901 κ.
263 1881 289 1900 t.
306 1870 332 1901 λ.
364 1887 404 1893 —
428 1866 649 1901 ἀναιδείας
675 1869 758 1900 ἕνε-

123 1927 177 1948 κα
215 1913 318 1957 πρὸς
353 1916 410 1957 τῷ
445 1912 635 1956 ἀσεβεῖν,
676 1926 758 1947 non

122 1962 513 2002 modoimpietatis
531 1963 608 1994 sed
628 1963 758 1993 etiam

121 2008 422 2050 impudentiae
448 2018 612 2040 caussa.

170 2073 321 2117 φυγὼν
353 2073 397 2106 δὲ
424 2095 467 2099 -
500 2073 756 2117 ἀειφυγίαν]

121 2122 178 2153 Ex
200 2122 275 2153 iure
303 2122 424 2165 Atti09
449 2123 531 2153 item
559 2124 588 2154 si
615 2122 758 2153 homici-

123 2169 185 2207 da,
216 2172 402 2208 antequam
434 2169 469 2199 in
496 2169 664 2200 iudicium
697 2179 757 2199 vo-

123 2219 277 2252 caretur,
310 2214 422 2245 solum
448 2216 627 2254 vertisset,
661 2216 761 2246 exili-

123 2270 180 2291 um
204 2264 279 2291 erat
303 2264 506 2301 perpetuum
527 2266 560 2292 et
574 2261 668 2293 bona
685 2262 759 2292 eius

124 2306 400 2346 publicabantur.
428 2317 461 2337 v.
489 2306 704 2339 Demosth.
724 2308 759 2338 in

125 2351 212 2382 Mid.
238 2351 362 2392 p.528.
389 2362 491 2393 quem
504 2354 617 2385 locum
639 2353 759 2394 paullo

124 2401 205 2429 ante
240 2397 418 2430 attulimus
455 2399 490 2430 in
518 2401 691 2432 Aristocr.
727 2409 760 2440 p.

124 2442 204 2477 634.
230 2447 264 2474 et
288 2442 364 2477 629.
388 2451 394 2454 ·

170 2509 240 2542 ἑὰν
266 2509 310 2541 δὲ
336 2519 398 2542 τις
422 2511 548 2553 ἑπιβῆ
575 2523 655 2543 που
682 2512 762 2543 τῶν

126 2559 185 2596 —l
209 2556 462 2597 Stephanus
487 2560 530 2590 de
556 2557 758 2590 Cornarii

126 2604 324 2635 coniectura
350 2601 454 2644 ἐπιβῇ
479 2603 619 2638 τούτων.
660 2605 760 2636 Libri

127 2659 246 2681 omnes
278 2647 382 2690 ἐπιβῇ
413 2661 481 2681 που
517 2651 594 2682 τῶν.
658 2650 761 2682 Unde

126 2695 527 2728 Winekelmannus
559 2694 663 2736 ἐπιβῇ
696 2697 761 2727 τῶν

103 2738 240 2772 κιόντων
265 2743 418 2782 extudit,
452 2743 590 2775 eollatis
615 2743 701 2778 locis
728 2753 760 2784 p.

1215 1252 1285 1283 Pro
1322 1251 1476 1283 κτεινέτω

834 1409 911 1444 705.
937 1411 977 1441 E.
1006 1410 1071 1444 747
1108 1409 1149 1441 Ε.
1178 1414 1211 1441 et
1226 1409 1303 1444 760.
1332 1408 1370 1440 C.
1404 1409 1473 1442 Sed

834 1457 1057 1488 verisimilior
1099 1456 1219 1497 utique
1261 1454 1472 1488 Cornarii

832 1502 923 1532 ratio
949 1502 1067 1540 fuerit,
1085 1502 1114 1533 si
1134 1502 1276 1533 omnino
1297 1503 1379 1542 quid
1399 1513 1473 1533 mu—

832 1548 976 1579 tandum
1003 1551 1060 1587 sit,
1085 1549 1178 1589 quod
1198 1558 1271 1578 non
1288 1548 1471 1581 credimus.

832 1593 924 1624 Nam
952 1592 989 1625 τὰ
1016 1595 1080 1636 τῆς
1105 1594 1167 1625 τοῦ
1193 1604 1228 1632 φ.
1256 1591 1369 1633 χώρας
1397 1594 1472 1625 sere

832 1639 924 1670 idem
959 1644 1010 1671 est
1043 1640 1137 1681 quod
1174 1636 1193 1680 ἡ
1219 1640 1281 1670 τοῦ
1308 1650 1344 1679 φ.
1371 1638 1472 1680 χώρα,

830 1689 864 1716 et
890 1695 959 1715 που
985 1691 1037 1717 est
1065 1685 1252 1723 alieubi,
1285 1689 1322 1714 ut
1347 1695 1470 1717 seusus

829 1731 886 1762 hic
912 1732 974 1762 sit:
1006 1733 1040 1763 si
1077 1731 1172 1772 quis
1204 1730 1374 1762 alieubi
1406 1741 1466 1762 oe-

830 1777 1386 1818 cisiregiones*ing1·essus
1408 1777 1469 1808 fu-

829 1823 926 1854 erit.
958 1824 1048 1855 conf.
1078 1834 1111 1864 p.
1136 1822 1215 1856 874.
1243 1823 1287 1854 A.
1314 1833 1354 1864 sq
1414 1822 1471 1854 De

830 1879 866 1900 re
892 1869 1108 1902 Demosth.
1136 1870 1214 1900 adv.
1242 1869 1416 1899 Aristocr.
1434 1879 1467 1909 p.

830 1915 907 1948 629.
939 1915 994 1948 20.
1030 1912 1112 1946 τοὺς
1149 1913 1185 1945 δὲ
1220 1911 1469 1954 ἀνδροφόνους

830 1958 950 1995 ἐξεῖναι
976 1956 1185 1992 ἀποκτείνειν
1215 1959 1251 1992 ἐν
1278 1960 1315 1999 τῇ
1345 1957 1465 2001 ἦμεδα-

832 2007 878 2046 πῇ
895 2006 948 2037 καὶ
967 2003 1121 2048 ἀπάγειν.
1149 2018 1178 2037 v.
1199 2006 1468 2047 WVesseHng.

829 2053 873 2084 ad
908 2052 1015 2084 Petiti
1048 2053 1158 2093 Legg.
1193 2062 1225 2092 p.
1253 2051 1333 2085 610.
1381 2052 1468 2083 Mox

829 2094 947 2129 ἀνατεί
984 2099 1038 2130 vel
1081 2094 1180 2129 «irati
1215 2099 1470 2138 interpretatur

830 2143 948 2177 Schol.
978 2140 1143 2185 ἀβλαβῶς
1168 2144 1223 2175 κα)
1248 2141 1330 2175 ἄνευ
1352 2145 1470 2175 τίσεως

831 2190 884 2222 καὶ
911 2194 1078 2232 τιμωρίας.
1113 2191 1206 2222 conf.
1242 2189 1470 2221 Ruhnken.

828 2237 874 2268 ad
900 2237 991 2268 Tim.
1018 2247 1052 2278 p.
1073 2236 1129 2270 31.
1157 2241 1190 2267 et
1215 2235 1470 2267 Blomfield.

830 2281 947 2314 Gloss.
968 2284 1004 2314 in
1024 2283 1187 2323 Aeschyl.
1206 2281 1324 2312 Prom.
1342 2292 1374 2321 p.
1390 2281 1468 2315 122.

876 2329 918 2360 E.
972 2325 991 2360 ὁ
1022 2328 1062 2360 δὲ
1095 2325 1469 2368 ἐπισκηπτόμενος

830 2372 912 2413 ἅμα
939 2376 1007 2406 καὶ
1034 2375 1097 2418 -]
1134 2376 1187 2413 is⁷
1224 2374 1295 2414 qui
1322 2379 1466 2414 postu-

830 2423 913 2460 lat,
940 2421 1057 2452 simul
1086 2421 1215 2452 vades
1241 2421 1466 2460 postulato

831 2468 879 2499 ab
906 2477 973 2506 e0,
1007 2476 1124 2507 quem
1157 2466 1373 2507 postulat.
1424 2465 1465 2496 V.

830 2515 1096 2553 Harpocrat.
1121 2513 1157 2543 in
1172 2521 1248 2543 voe.
1276 2508 1467 2552 ἐπεσκήψα-

831 2571 887 2597 το,
918 2563 953 2590 et
982 2558 1208 2591 Valesium
1241 2568 1271 2598 p.
1299 2556 1378 2591 308.
1415 2558 1467 2588 ed.

829 2600 928 2646 Lips.

877 2647 895 2681 ὁ
934 2649 977 2681 δὲ
1019 2648 1236 2690 παρεχέτω
1274 2647 1373 2679 τοὺς
1406 2647 1463 2689 ἐγ-

830 2694 990 2737 γυητὰς
1015 2695 1075 2736 -]
1115 2695 1204 2726 Tres
1232 2695 1337 2727 vades
1363 2695 1466 2725 etiam

830 2753 870 2773 ex
898 2744 973 2774 iure
1001 2742 1119 2773 Attico
1145 2741 1254 2774 fuisse
1280 2741 1467 2779 sistendos,
