1781 2971
339 201 389 237 78
824 193 1210 236 PLATONIS

339 318 490 371 ([ημην
529 315 832 365 προτρέπεται,
873 310 920 351 τὸ
947 313 990 352 δὲ
1028 312 1231 364 δεύτερον
1270 308 1476 359 ὑπόδικος
1504 311 1561 363 τῷ
1591 311 1690 352 ἐθέ-

341 385 464 423 λοντι
503 385 703 432 τιμωρεῖν
739 374 849 430 ὑπὲρ
887 378 964 419 τοῦ
1005 375 1345 426 τελευτήσαντος
1379 374 1689 429 γιγνέσθωᾶὸ

342 450 386 490 δὲ
433 447 604 487 ἐθέλων
656 449 880 496 τιμωρεῖν,
934 444 1020 484 τῶν
1067 459 1110 484 τε
1156 445 1222 484 ἐπὶ
1274 440 1447 491 τούτοις
1495 443 1692 496 λουτρῶν

341 512 543 569 φυλακῆς
581 512 676 563 πέρι
713 511 784 550 κὀιι
807 505 920 550 ὅσων
957 506 1016 550 ἂν
1054 513 1208 562 ἑτέρων
1233 506 1255 550 ὁ
1296 506 1407 557 θεὸς
1431 510 1527 562 περὶ
1549 509 1690 550 ταῦτα

290 579 303 615 fs
346 578 509 632 νόμιμα
547 577 748 630 παραδῷ,
785 573 934 617 πάντα
970 574 1201 617 ἀποτελῶν
1237 577 1307 618 καὶ
1337 573 1417 625 τὴν
1448 573 1693 631 πρόρρησιν

344 641 659 699 προαγορεύων
697 642 770 683 ἰ’τω
816 640 1077 694 ἀναγκάζων
1122 638 1198 682 τὸν
1243 639 1473 695 δράσαντα
1522 638 1693 695 ὑπέχειν

343 712 426 764 τὴν
464 712 540 762 τῆς
576 711 695 760 δίκης
733 707 892 763 πρᾶξιν
931 707 1043 750 κατὰ
1083 707 1240 761 νόμον.
1275 709 1416 749 ταῦτα
1452 709 1496 749 δὲ
1520 705 1587 749 ὅτι
1616 710 1693 761 μὲν

345 780 578 832 γίγνεσθαι
614 774 751 830 χρεών
786 780 877 816 ἐστι
913 774 986 817 διοὶ
1022 790 1154 816 τινων
1191 775 1381 828 ἐπευχῶν
1416 775 1487 816 καὶ
1520 775 1694 815 θυσιῶν

344 850 473 894 θεοῖς
512 857 644 889 τισιν,
681 841 745 890 οἷς
788 843 870 882 τῶν
910 842 1125 884 τοιούτων
1161 842 1298 894 μέλει,
1337 839 1505 897 φόνους
1539 837 1597 895 μὴ
1632 845 1694 892 2¹1¹-

344 913 537 967 γνεσθαι
588 908 700 950 κατὰ
752 906 922 957 πόλεις,
972 905 1130 964 ῥᾴδιον
1179 905 1525 963 ἀποφαίνεσθαι
1563 923 1694 960 νομο-

346 981 481 1036 θετῃ·
531 979 642 1023 τίνες
679 973 714 1015 δ’
759 976 866 1016 εἰσιν
905 978 945 1017 οἱ
993 976 1093 1016 θεοὶ
1132 974 1202 1014 καὶ
1247 975 1309 1021 τίς
1345 971 1367 1014 ὁ
1406 972 1570 1027 τρόπος
1608 974 1695 1014 τῶν

346 1043 561 1088 τοιούτων
609 1041 740 1082 δικῶν
786 1041 863 1091 τῆς
913 1040 1149 1093 εὶςαγωγῆς
1197 1037 1437 1092 ὀρθότατα
1488 1036 1597 1092 πρὸς
1644 1039 1692 1081 τὸ

347 1115 479 1154 θεῖον
515 1107 572 1150 ἂν
607 1124 677 1161 712
682 1123 865 1161 νομενος
901 1106 978 1158 εἴη,
1013 1104 1319 1163 νομοφύλακες
1353 1103 1438 1159 μετ’
1480 1105 1697 1158 ἐξηγητῶν

439 1238 478 1273 C.
507 1240 577 1270 ἴτω
604 1234 869 1278 ἀναγκάζων]
899 1235 1017 1278 steph.
1039 1237 1128 1268 coni.
1158 1231 1371 1276 ἆναγκάσωι.
1389 1234 1498 1267 sedv.
1518 1235 1694 1273 explicant.

440 1285 480 1316 D.
531 1281 601 1314 ἑὰι
635 1280 678 1313 δέ
716 1290 776 1313 τις
808 1280 935 1323 ἐπιβῇ
967 1293 1064 1319 που,
1101 1281 1197 1323 τιῦτ]
1227 1291 1296 1311 που
1322 1280 1387 1311 τῶν
1415 1282 1452 1312 Α.
1484 1277 1521 1311 Ω.
1550 1281 1588 1312 Ξ.
1615 1291 1645 1311 v.
1672 1280 1695 1313 f

351 1328 544 1363 r.a.c.(5.

349 1449 480 1483 atque
515 1441 708 1471 adiuvat.
777 1439 828 1470 De
861 1437 987 1478 δέχοιτο

349 1486 546 1529 imperativi
592 1487 684 1516 vices
721 1485 916 1516 sustinente
956 1495 986 1515 v.

350 1533 568 1566 Matthiae
605 1529 666 1562 Gr.
704 1530 734 1570 ξ.
771 1531 850 1564 515.
888 1528 915 1562 δ.
954 1540 986 1570 p.

349 1579 451 1613 1165.
480 1579 533 1610 ed.
558 1576 590 1610 3.
618 1576 709 1608 conf.
736 1576 827 1608 infra
854 1586 886 1616 p.
907 1575 987 1610 879.

350 1625 391 1658 C.
419 1625 464 1656 D.

396 1671 476 1701 τῶν
508 1680 547 1700 τε
581 1668 648 1700 ἐπὶ
684 1666 861 1698 τούτοις
898 1667 986 1696 λου·

349 1716 462 1758 τρῶν
487 1714 552 1756 —-]
593 1714 710 1746 Verba
734 1713 827 1744 hunc
855 1712 890 1742 in
917 1721 989 1743 mo—

349 1762 430 1794 dum
456 1761 650 1802 iungenda:
679 1770 745 1791 παι
750 1769 786 1789 τα
816 1754 991 1788 ἀποτελαῖι

351 1819 426 1848 περι
453 1807 609 1847 φυλακῆς
636 1805 701 1836 τῶν
727 1815 759 1835 τε
785 1802 838 1834 ἐπὶ
856 1802 991 1834 τούτοις

351 1855 414 1885 λοι
409 1854 505 1894 τρῶν
552 1853 604 1883 καὶ
643 1849 818 1892 (πάντων)
856 1848 990 1889 ἐτέρων,

352 1897 417 1931 ὅσα
450 1895 491 1930 ἂι
524 1895 542 1929 ὁ
576 1895 664 1928 θεὸς
703 1897 776 1937 περὶ
803 1895 913 1926 ταῦτα.
932 1892 989 1925 70¹-

351 1956 432 1985 μιμα
465 1942 607 1986 παραδῳ
650 1954 677 1973 κ.
715 1954 738 1973 τ.
778 1942 804 1972 λ.
842 1941 992 1972 omnia

351 1992 434 2022 rite
460 1999 693 2032 peragens,
720 1997 829 2029 quae
855 1987 988 2026 perti-

350 2041 458 2069 nent
483 2036 533 2069 ad
555 2033 990 2072 observationem(ra-

350 2084 446 2115 tione
479 2081 737 2114 observationis
771 2079 910 2118 habita)
936 2079 989 2110 la-

355 2129 551 2160 vationis
575 2127 617 2158 in
643 2125 814 2157 talibus
841 2124 989 2155 solem*-

352 2175 418 2205 nis
450 2178 583 2214 atque
619 2173 805 2203 aliarum
839 2179 989 2209 rerum,

353 2230 460 2261 quas
493 2219 602 2250 deus
629 2218 677 2248 de
709 2217 806 2248 istis
841 2216 987 2256 legiti-

352 2276 438 2297 mas
472 2263 725 2296 tradiderit.
754 2261 987 2302 Cogitandum

353 2321 428 2342 cum
465 2310 623 2342 Astio
667 2309 709 2340 de
745 2308 922 2339 lavatione
957 2307 987 2338 ei

351 2357 586 2398 praescripta,
625 2355 684 2395 qui
718 2354 990 2391 interfectorem,

351 2407 473 2444 utpote
508 2402 682 2433 hominem
719 2400 910 2440 impurum,
947 2398 989 2429 de

352 2449 459 2480 caede
483 2447 662 2489 postulare
687 2445 910 2485 instituebat,
947 2454 988 2475 ne

350 2495 445 2525 iliius
496 2494 635 2534 piaculo
683 2493 988 2527 contaminaretur,

350 2549 462 2581 neque
493 2538 688 2571 audiendus
726 2537 754 2568 F
773 2548 792 2569 a
810 2547 827 2568 e
841 2537 862 2568 h
879 2547 895 2569 s
911 2537 920 2568 i
937 2546 957 2567 u
973 2546 989 2568 s

354 2585 488 2626 Syllog.
509 2596 542 2626 p.
557 2584 636 2619 392.
665 2585 723 2624 qui
739 2582 868 2624 λύτρων
885 2582 990 2614 scribi

352 2631 503 2662 iubebat.
558 2629 830 2662 Animadvertas
857 2633 992 2670 praete-

354 2687 415 2708 rea
449 2677 552 2709 etiam
584 2676 857 2713 constructionis
898 2675 992 2706 inso-

355 2723 516 2762 lentiam,
555 2733 623 2764 qua
652 2718 775 2759 νόμιμα
807 2731 870 2762 pro
897 2722 990 2759 νομί-

357 2769 595 2810 ,ιιτηιηροῃίῒιιτ
625 2768 769 2809 perinde
801 2777 838 2798 at·
871 2768 990 2805 sirau-

575 1339 604 1360 ο.
634 1338 666 1359 x
695 1329 776 1361 Ald.
805 1327 891 1359 Lov
920 1328 1000 1360 Bas.
1029 1328 1059 1361 1.
1086 1328 1117 1361 2.
1167 1325 1237 1358 Sed
1264 1326 1429 1367 stephan.
1464 1326 1506 1357 de
1532 1325 1695 1358 Cornarii

1057 1439 1238 1469 tecesserit
1264 1438 1317 1468 κατ’
1343 1435 1408 1468 ὅσα
1433 1435 1476 1469 ἄν
1498 1449 1526 1470 κ.
1548 1449 1571 1470 τ,
1595 1439 1622 1469 λ.
1649 1440 1696 1470 ita

1057 1489 1096 1515 ut
1120 1484 1209 1515 duae
1234 1485 1512 1516 constructiones
1535 1486 1570 1516 in
1591 1494 1695 1516 unum

1059 1529 1230 1562 conflatae
1250 1530 1335 1560 sint:
1362 1539 1476 1571 neque
1495 1531 1586 1562 enim
1603 1531 1696 1562 istud

1059 1573 1182 1614 νόμιμοι
1223 1580 1316 1606 recte
1358 1585 1433 1607 cum
1478 1577 1551 1617 περὶ
1594 1576 1697 1608 ταῦτα

1058 1631 1293 1653 conlunxerls.

1128 1666 1166 1699 C.
1228 1666 1294 1697 καὶ
1329 1665 1404 1708 τὴν
1450 1663 1697 1709 πρόρῥησιν

1061 1710 1396 1753 προαγορεύων]
1424 1713 1468 1744 V.
1497 1724 1530 1754 p.
1554 1713 1632 1747 871.
1650 1715 1693 1746 A.

1058 1759 1150 1790 Dein
1187 1758 1245 1788 ι”τω
1280 1755 1480 1800 ἀναγκάζων
1518 1764 1586 1792 est:
1631 1770 1694 1791 ve-

1059 1807 1152 1835 niat
1176 1804 1257 1842 ita,
1290 1809 1335 1835 ut
1360 1809 1523 1836 sontem
1552 1812 1696 1846 cogat.

1059 1849 1140 1881 Non
1157 1859 1244 1890 opus
1265 1851 1467 1882 coniectura
1489 1849 1696 1892 Stephani

1059 1895 1294 1936 ἀναγκάσων,
1322 1906 1424 1936 quam
1447 1898 1600 1929 Astius
1626 1907 1696 1929 am-

1058 1941 1182 1982 plexus
1209 1946 1270 1972 est.
1318 1942 1370 1972 De
1395 1943 1580 1984 participio
1598 1953 1697 1984 prae-

1059 1988 1166 2018 sentis
1194 1997 1269 2019 cum
1297 1988 1412 2019 verbis
1440 1989 1600 2020 veniendi
1616 1999 1697 2021 con-

1058 2033 1177 2064 iuncto
1205 2043 1236 2063 v.
1263 2032 1504 2066 Elmsleius
1536 2039 1571 2066 et
1596 2035 1698 2067 Her-

1059 2088 1197 2112 mann.
1224 2079 1268 2110 ad
1282 2079 1403 2120 Eurip.
1424 2080 1518 2112 Med.
1545 2091 1577 2112 v.
1594 2081 1695 2115 1024.

1058 2124 1346 2155 Bornemann.
1379 2126 1423 2157 ad
1448 2126 1613 2167 Xenoph.
1649 2129 1695 2158 A·

1058 2170 1137 2201 nab.
1170 2169 1252 2200 ¹611.
1290 2170 1320 2208 7,
1350 2170 1404 2203 17.
1436 2169 1695 2213 Bernhardy

1059 2214 1158 2256 Synt.
1186 2225 1218 2256 p.
1243 2214 1322 2248 370.

1107 2281 1276 2323 φόνους
1300 2281 1349 2324 μή
1378 2284 1603 2325 γίγνεσθαι
1630 2297 1694 2317 κα-

1058 2328 1102 2359 τὰ
1136 2327 1304 2370 πόλεις]
1340 2329 1434 2361 Haec
1458 2332 1696 2370 praecedenti-

1057 2375 1121 2406 bus
1160 2375 1254 2415 istis‚
1290 2374 1356 2405 ττῦν
1392 2374 1559 2407 τοιούτων
1598 2376 1696 2416 μέλει.

1058 2431 1119 2462 per
1143 2421 1354 2461 epexegesin
1380 2422 1624 2463 subiiciuntur,
1649 2425 1696 2456 ita

1058 2472 1095 2498 ut
1119 2468 1200 2498 item
1228 2476 1269 2498 ex
1295 2467 1382 2505 μέλει
1407 2469 1593 2509 pendeant.

1104 2535 1148 2567 D.
1205 2532 1222 2565 ὁ
1257 2533 1302 2566 δὲ
1341 2533 1485 2574 ὕφλων
1519 2535 1694 2579 θανάτῳ

1058 2582 1161 2623 ζημ]
1190 2581 1459 2614 Demosthen.
1486 2583 1521 2615 in
1548 2583 1636 2615 Mid.
1662 2594 1694 2624 p.

1058 2627 1136 2662 528.
1168 2626 1204 2657 σι’
1225 2627 1364 2666 φονικοὶ
1400 2627 1498 2667 νόμοι
1532 2626 1613 2660 tois
1637 2629 1696 2668 μὲι·

1060 2672 1096 2705 ἐκ
1127 2676 1294 2714 προνοίας
1328 2668 1597 2706 ἀποκτιννύντας
1628 2675 1694 2706 θα-

1061 2717 1149 2761 νάτῳ
1181 2720 1233 2750 καὶ
1266 2715 1426 2761 ἀειφυγίᾳ
1459 2722 1512 2752 καὶ
1537 2718 1695 2762 δημεύσει

1062 2766 1127 2797 τῶν
1155 2763 1377 2806 τ’·πιιρχόντων
1407 2766 1579 2808 ζημιοῦσι,
1615 2764 1697 2797 τοὺς
