1781 2971
354 176 716 220 EPINOMIS
761 177 806 218 P.
839 178 934 216 987.
962 177 1056 218 988.
1093 176 1157 218 St.
1357 177 1436 218 521

93 315 196 353 γειν,
233 296 304 341 ὅτι
338 303 466 352 μέσος
503 294 559 338 ἂν
596 295 660 347 εἴη
692 293 915 350 χειμώνων
954 310 996 336 τε
1035 296 1105 335 καὶ
1141 295 1219 345 τῆς
1256 294 1443 346 θερινῆς

94 364 276 423 φύσεως.
315 363 397 417 ἡδ’
431 361 672 417 ὑστεροῦσα
700 362 802 416 ἡμῖν
826 366 884 411 εὶς
909 360 958 403 τὸ
985 359 1170 417 θερινὸν
1199 361 1330 419 φύσις
1361 361 1440 402 τοῦ

95 435 190 488 περὶ
213 435 291 474 τον
318 437 402 475 ἐκεῖ
422 430 575 479 τόπον,
605 428 713 484 ὅπερ
744 430 936 484 εἴπομεν,
966 426 1152 482 ὕστερον
1172 422 1229 470 αὖ
1253 429 1443 482 παραδέ-

97 504 201 542 δωκε
230 498 276 541 τὸ
305 499 474 542 τούτων
497 499 584 539 τῶν
607 499 729 539 θεῶν
754 498 830 539 τοῦ
856 494 1021 551 κόσμου
1050 494 1326 550 κατανόημα.
1365 494 1443 537 λα’·

95 570 238 622 βωμεν
258 570 313 616 δὲ,
348 565 403 615 ὡς
424 564 446 608 ὅ
477 582 518 607 τι
547 582 624 619 περ
654 563 927 614 ἄν’Έλληνες
959 564 1201 617 βαρβαρων
1238 560 1442 617 aupald·

95 637 204 689 βωσι
239 633 420 676 κάλλιον
458 635 592 674 τοῦτο
631 637 689 680 εὶς
737 635 855 680 τελος
903 628 1242 685 ἀπεργάζονται.
1282 633 1352 672 καὶ
1391 627 1443 681 δὴ

97 704 168 744 καὶ
204 718 300 758 περι
339 701 392 742 τα
444 702 525 743 νῦν
571 699 781 752 λεγόμενα
832 696 998 740 ταύτὸν
1045 701 1106 740 δεῖ
1139 699 1443 750 διανοηθῆναι

96 771 252 818 τοῦτο,
286 767 343 817 ὡς
374 765 569 821 χαλεπὸν
606 770 684 819 μὲν
721 766 870 807 πάντα
908 763 959 805 τα
1000 766 1186 808 τοιαῦτα
1225 764 1444 822 ἀναμφις-

97 833 297 888 βητήτως
345 836 619 887 ἐξευρίσκειν,
668 831 806 883 πολλὴ
843 832 879 874 ὀ’
933 835 1050 881 ἐλπὶς
1097 831 1190 885 ἅμα
1230 834 1302 874 καὶ
1338 831 1446 883 καλὴ

97 903 279 944 κάλλιον
316 904 386 943 καὶ
424 901 698 953 δικαιότερον
735 898 872 948 ὅντως
911 902 988 951 τῆς
1016 905 1059 941 ἐκ
1088 901 1170 940 τῶν
1204 899 1447 954 βαρβαρων

98 969 318 1020 ἐλθούσης
356 967 505 1025 φήμης
543 985 585 1010 τε
621 966 715 1021 ἅμα
752 970 823 1008 καὶ
863 969 1106 1019 θεραπείας
1143 968 1318 1008 πάντων
1350 965 1447 1009 τού-

102 1054 184 1078 των
225 1036 308 1077 τών
348 1037 469 1077 θεῶν
505 1035 851 1088 ἐπιμελήσεσθαι
894 1033 994 1084 τοὺς
1020 1032 1247 1085 ’(Ιᾷλληνας,
1285 1038 1447 1076 παιδεί-

100 1121 169 1153 αις
207 1120 250 1145 τε
288 1105 358 1145 καὶ
396 1108 439 1145 ὲκ
467 1104 645 1159 Δελφῶν
681 1105 908 1154 μαντείαις
940 1119 1187 1156 χρωμενους
1224 1105 1294 1143 καὶ
1328 1100 1448 1162 πάσῃ

100 1173 151 1221 τῆ
190 1169 301 1212 κατὰ
342 1168 503 1223 νόμους
542 1173 776 1224 θεραπείᾳ.
830 1169 922 1210 τοδε
959 1171 1002 1210 δὲ
1038 1172 1184 1222 μηδείς
1223 1186 1327 1211 ποτε
1365 1187 1447 1226 cpo-

192 1323 422 1367 βραδυτῆτι
457 1324 592 1365 λέγειν
622 1322 696 1365 χρὴ
730 1322 855 1354 Διός·
886 1322 1022 1364 Ἄρεος
1057 1322 1098 1354 δὲ
1137 1321 1154 1356 ὁ
1182 1343 1222 1348 -—
1257 1325 1446 1367 πάντων]

102 1372 202 1403 Hanc
235 1372 420 1402 lectionem
453 1372 618 1402 debemus
645 1370 725 1402 Par.
756 1371 798 1401 A.
831 1371 902 1401 Vat.
933 1368 970 1400 Ω.
1002 1370 1100 1403 Voss
1128 1381 1162 1401 x.
1195 1382 1222 1402 r.
1247 1382 1278 1403 a.
1307 1383 1334 1404 e.
1362 1372 1390 1405 δ.
1418 1384 1448 1405 ο.

101 1419 169 1449 nisi
204 1418 297 1459 quod
331 1419 366 1448 in
398 1418 533 1449 duobus
567 1417 663 1448 Flor.
691 1421 724 1448 et
754 1417 828 1449 vat.
854 1427 880 1448 r.
904 1413 1031 1457 Ἄρεως
1062 1418 1201 1457 legitur.
1230 1419 1322 1449 Vett.
1350 1419 1448 1452 editt.

101 1463 287 1505 βραδύτητι
323 1463 520 1503 φαέθοντα·
560 1460 710 1503 Πυρόεις
747 1459 778 1493 δ’
815 1459 832 1493 ὁ
865 1461 943 1502 μειὰ
978 1463 1117 1494 τοῦτον·
1152 1462 1290 1495 πάντων
1324 1463 1360 1496 δὲ
1388 1459 1447 1496 οὗ-

105 1519 162 1541 τος
192 1521 220 1541 κ.
250 1521 276 1540 τ.
304 1510 330 1540 λ.

196 1553 498 1596 ἐρυθρώταιον
524 1554 626 1597 ἔχει]
656 1554 714 1586 Sic
741 1556 783 1588 A.
816 1553 854 1587 Ω.
882 1566 933 1596 pr.
959 1565 1022 1595 pro
1049 1553 1304 1596 ἐρυθρότερον.

193 1601 277 1643 Cap.
308 1601 354 1632 X.
406 1601 449 1632 D.
501 1598 690 1642 ὕστερον
728 1597 780 1632 αυ’
830 1599 1132 1641 παραδέδωκε]
1182 1602 1281 1634 Libri
1321 1599 1449 1634 αὐτοῖς.

103 1648 163 1679 sed
189 1659 220 1678 v.
248 1648 439 1688 Explicatt,

194 1694 237 1725 E.
287 1692 564 1734 παραλάβωσι
598 1693 791 1734 uanior]
820 1693 878 1725 Sic
903 1693 998 1726 Flor.
1027 1691 1054 1723 δ.
1090 1691 1209 1724 Ceteri
1245 1693 1449 1735 παραλάβω-

102 1750 162 1778 μεν
188 1750 263 1771 cum
293 1740 390 1773 editt.

149 1853 234 1895 Cap.
259 1853 304 1884 X.
337 1853 381 1884 D.
418 1848 469 1883 ὠς
496 1850 630 1882 τόπον
657 1852 740 1892 ἕχο-

105 1900 199 1942 μεν]
228 1898 366 1931 Similia
392 1899 485 1938 legas
512 1899 553 1929 de
573 1897 743 1930 Graeciae

106 1947 206 1976 coelo
245 1946 337 1985 apud
373 1945 546 1977 Platon.
582 1944 674 1975 Tim.
710 1955 741 1985 p.

105 1992 160 2024 24.
188 1991 227 2022 C.
262 1991 601 2031 Theophrast.
638 1990 742 2021 Char.

108 2039 272 2069 Prooem.

153 2085 228 2114 τοῦ
255 2084 348 2123 περὶ
375 2080 450 2112 τὸν
476 2080 568 2112 ἐκεῖ
591 2079 742 2122 τόπον]

107 2130 232 2171 Syriae
257 2135 291 2161 et
311 2129 476 2170 Aegypti.
501 2139 532 2159 v.
553 2139 572 2170 p
603 2128 680 2161 987.
699 2130 741 2159 A.

151 2195 337 2236 ὕστερον
362 2193 413 2228 αὖ
441 2197 744 2238 παραδέδωκε]

106 2245 252 2276 serius
280 2244 375 2275 item
401 2244 567 2284 (nobis)
593 2245 743 2275 horum

107 2291 254 2321 mundi
306 2291 486 2322 deorum
537 2292 743 2323 notitiam

108 2336 369 2376 impertivit.
409 2336 524 2369 Prave
550 2338 655 2378 vulgo
683 2333 743 2367 at}-

109 2385 267 2422 zoss‘pro
287 2375 341 2416 αὖ,
367 2384 459 2422 quod
476 2385 517 2415 de
543 2385 745 2415 coniectura

108 2429 261 2459 restituit
295 2430 325 2457 A
342 2438 356 2458 s
372 2429 408 2458 ti
426 2439 447 2458 u
463 2439 490 2459 s.
541 2430 746 2461 'renuerunt

109 2481 222 2505 tamen
265 2469 383 2503 αὐτοῖς
418 2474 671 2507 Bekkerus
713 2481 746 2506 et

109 2520 433 2558 Schneiderus,
471 2521 629 2552 codicum
664 2522 744 2553 freti

108 2567 327 2598 auctoritate.
357 2566 464 2606 Atqui
480 2567 637 2598 codicum
653 2574 745 2599 certe

110 2613 145 2643 in
167 2623 204 2644 re
221 2617 291 2644 tam
316 2617 438 2652 aperta
457 2612 544 2644 fides
570 2614 666 2645 nulla
681 2619 743 2647 est.

156 2680 198 2711 E.
248 2677 446 2720 λάβωμεν
483 2679 541 2715 δέ,
578 2678 630 2712 ὠς
666 2678 686 2712 ὅ
719 2684 751 2713 τί

113 2737 183 2766 περ
209 2722 258 2756 ἂν
283 2725 339 2768 —l
367 2726 506 2759 Laudat
528 2728 614 2759 haec
637 2738 746 2769 usque

111 2772 154 2803 ad
192 2767 434 2813 ἀπεργάζονται
478 2774 506 2805 Ε
524 2784 545 2805 ιι
565 2784 580 2805 s
596 2784 613 2805 e
628 2774 674 2806 bi
694 2785 713 2805 u
731 2785 746 2806 s

812 1852 938 1892 Praep.
978 1852 1044 1882 Ev.
1080 1852 1125 1884 X.
1159 1851 1190 1885 4.
1224 1863 1259 1893 p.
1290 1852 1369 1886 472.
1404 1854 1449 1885 A.

812 1900 870 1930 ubi
903 1909 966 1938 pro
1004 1896 1042 1928 δέ
1078 1898 1245 1939 scriptum
1272 1904 1324 1929 est
1350 1896 1391 1939 δή
1418 1904 1452 1930 et

814 1942 1058 1984 παραλάβωσιν
1083 1954 1146 1984 pro
1177 1945 1270 1984 vulg.
1301 1943 1451 1985 παραλά-

813 1992 927 2029 βωμεν
954 1990 1151 2020 exhibetur.
1199 1989 1355 2021 Tertiam
1374 2001 1451 2031 per-

813 2047 947 2075 sonam,
972 2047 1074 2076 quam
1100 2040 1215 2066 tuetur
1233 2037 1336 2067 etiam
1355 2037 1451 2068 Flor.

814 2081 854 2116 δ..
893 2083 995 2113 unice
1035 2092 1151 2113 veram
1193 2088 1371 2125 putamus,
1414 2088 1452 2114 ut

813 2140 887 2160 eam
914 2139 989 2158 cum
1016 2129 1164 2167 Astio,
1191 2129 1359 2168 probante
1388 2130 1452 2160 eti-

812 2186 866 2206 am
905 2174 1148 2214 Stephano,
1187 2184 1343 2216 recipere
1379 2185 1452 2206 non

812 2221 1097 2252 dubitaverimus,
1156 2219 1302 2252 Ceterae
1353 2222 1451 2253 editt.

814 2278 933 2298 omnes
967 2263 1233 2306 παραλάβωμεν,
1266 2268 1359 2308 quod
1392 2278 1452 2299 na-

812 2320 883 2344 tum
920 2314 1057 2344 videtur
1082 2323 1124 2343 ex
1160 2323 1368 2353 praegresso
1395 2311 1451 2344 λά-

812 2360 936 2399 βωμεν.
988 2359 1043 2390 De
1077 2361 1249 2390 sententia
1276 2361 1451 2391 Astius

812 2406 964 2437 conferri
1011 2405 1106 2436 iubet
1147 2407 1322 2446 Anonym.
1378 2406 1450 2437 Vit.

813 2452 1003 2492 Pythagor.
1036 2461 1069 2492 p.
1096 2450 1174 2484 218.
1201 2452 1253 2486 ed.
1276 2451 1450 2493 Porphyr.

814 2498 979 2529 Cantabr.
1010 2508 1041 2538 p.
1068 2497 1123 2530 65.
1273 2529 1278 2531 μ

860 2544 898 2575 P.
923 2542 1001 2577 988.
1053 2541 1223 2574 κάλλιον
1271 2544 1348 2574 καὶ
1394 2542 1448 2575 δι-

815 2588 985 2621 καιότε
1001 2600 1018 2629 ρ
1037 2599 1054 2619 ο
1074 2589 1108 2632 ν]
1149 2589 1355 2621 Tenendum
1399 2595 1451 2622 est

813 2635 1062 2677 philosophum
1088 2636 1154 2666 hoc
1175 2646 1281 2667 unum
1300 2637 1451 2668 maxime

813 2684 848 2714 in
870 2682 1036 2714 Barbaris
1063 2681 1329 2722 reprehendere,
1356 2684 1451 2723 quod

813 2733 909 2760 astra
942 2738 1018 2759 esse
1051 2729 1192 2759 numina
1226 2728 1346 2760 divina
1378 2739 1449 2759 non

815 2775 987 2806 senserint
1012 2784 1122 2815 neque
1147 2784 1207 2806 eos
1234 2775 1363 2806 divinis
1387 2775 1448 2806 ho-

1479 900 1563 940 988,
