1781 2971
186 121 268 163 DE
300 120 575 165 LEGIBUS
610 120 726 162 LIB.
759 119 869 162 XII.
902 120 949 161 P.
982 121 1076 161 942.
1111 121 1204 162 943.
1239 118 1303 162 St.

1366 121 1445 163 345

89 255 251 290 τατον,
305 243 405 294 ἕχον
457 236 536 290 τὰς
592 243 744 294 κυρίας
791 237 971 287 ἁπάσας
1023 236 1258 290 αἰσθήσεις
1303 235 1444 280 αὑτοῦ

88 306 228 365 φύσει.
264 310 449 349 ἔπαινον
485 309 564 360 μὲν
591 306 643 359 δὴ
683 307 846 349 τοῦτον
883 304 1065 348 ἀκούειν
1091 305 1170 348 τὸν
1207 310 1308 348 νέον
1332 307 1444 360 χρῆν

87 375 231 416 δοκεῖν
277 375 516 429 πολεμικοῦ
554 376 650 430 περὶ
695 376 808 428 βίου..
869 373 1033 427 νόμους
1080 372 1118 415 δ’
1172 366 1230 414 αὖ
1276 371 1440 422 roais—‹52-

87 440 437 496 Στρατεύεσθαι
484 440 564 483 τὸν
612 443 907 494 καταλεγέντα
946 438 970 492 ἢ
1009 437 1086 482 τὸν
1123 444 1168 481 ὲν
1203 446 1320 494 μέρει
1358 442 1443 482 τινὶ

87 513 368 563 τεταγμένον.
411 505 492 550 ἐάν
531 510 574 550 δὲ
610 525 673 558 τις
717 511 888 566 ἐκλείπῃ
936 509 1019 549 τινὶ
1059 506 1170 566 κάκῃ
1216 506 1275 560 μὴ
1312 522 1445 561 στρα-

86 577 232 629 τηγῶν
266 575 491 634 ἀφέντων,
530 574 709 633 γραφάς
746 574 1011 630 ἀστρατείας
1047 573 1157 616 εἶναι
1197 575 1307 628 πρὸς
1344 572 1448 624 τοὺς

86 643 354 697 πολεμικοὺς
389 642 635 698 ἄρχοντας,
681 641 795 685 ὅταν
832 644 1027 684 ἔλθωσιν
1063 638 1154 683 ἀπὸ
1205 646 1445 696 στρατοπε·

85 771 206 810 codd,
244 781 310 802 1¹⁰0
345 777 511 814 excepto.
531 774 618 807 Ven.
651 772 704 812 Ξ.,
738 773 794 813 qui
828 773 1034 812 pierumque
1063 772 1232 812 vuigataru
1259 771 1291 802 in
1318 771 1443 802 talibus

86 823 213 848 ῙΙῘΘῑΙΙΓ.

84 979 150 1008 tet
180 977 308 1007 istam
340 976 515 1017 quidem
554 977 725 1010 laudem

84 1022 200 1054 vitae
226 1022 434 1054 militaris
464 1023 636 1064 audire,
665 1024 724 1056 le-

82 1078 162 1109 ges
191 1073 340 1100 autem
369 1067 515 1101 hasce.

130 1113 459 1155 Στρατεύεσθαι
486 1112 565 1146 τὸν
600 1125 725 1145 κατα-

83 1159 263 1201 λεγέντα
293 1161 358 1202 -]
422 1161 563 1193 Athenis
596 1160 654 1201 qui
691 1156 728 1191 ἀ-

84 1208 257 1247 στρατείας
314 1207 441 1239 iudicio
505 1206 727 1239 condemnati

83 1258 199 1293 erant,
249 1249 359 1291 ἄτιμοι
411 1253 643 1295 habebantur3
692 1252 727 1284 id

82 1299 174 1339 quod
215 1298 346 1330 docent
391 1299 459 1331 loci
501 1296 723 1330 Demosth.

81 1344 114 1377 iu
142 1344 224 1378 Mid.
260 1355 292 1386 p.
318 1344 396 1378 533.
421 1356 496 1387 sqq.
530 1346 564 1375 in
598 1343 723 1377 Neaer.

82 1401 115 1432 p.
150 1390 251 1424 1353.
292 1395 381 1423 extr.
422 1392 453 1423 in
496 1391 650 1424 Timocr.
691 1401 722 1431 p.

82 1436 159 1470 732.
189 1435 406 1468 Andocid.
440 1437 490 1469 De
524 1443 663 1478 myster.
690 1447 722 1477 p.

80 1482 137 1517 35.
166 1482 326 1526 Lysiae
351 1483 382 1514 in
401 1483 513 1514 Alcib.
541 1483 563 1514 Ι.
591 1493 623 1525 ρ.
641 1481 720 1516 521.

83 1528 284 1561 Aeschin.
311 1528 388 1563 adv.
418 1528 571 1570 Ctesipii.
596 1540 628 1570 p.
645 1529 724 1562 565.

80 1575 123 1606 al.
158 1575 376 1607 Vocabautur
398 1579 526 1613 autem,
555 1576 614 1616 qui
643 1575 724 1607 mili-

80 1621 164 1652 tiam
192 1620 463 1662 detrectassent,
490 1617 724 1662 α’στριίτευτοι,

78 1666 185 1699 veluti
234 1666 326 1708 apud
373 1666 651 1699 Demosthenem
690 1674 724 1699 et

79 1713 289 1745 Aeschinem
325 1713 413 1744 locis
439 1713 496 1749 iis,
522 1723 608 1754 quos
634 1713 722 1745 iudi-

80 1760 246 1795 cavimus,
271 1758 373 1798 aiibi3
399 1769 430 1790 v.
458 1759 721 1800 Wesseiing.

79 1804 124 1836 ad
169 1806 273 1837 Petit.
339 1805 389 1837 De
427 1804 537 1847 Legg.
581 1808 652 1837 Att.
689 1815 721 1846 p.

79 1850 159 1884 666.
194 1854 220 1882 A
254 1851 378 1892 quibus
411 1851 536 1883 diversi
563 1855 662 1883 erant
690 1850 727 1882 οἱ

80 1892 223 1935 ἀτελεῖς,
251 1896 279 1927 h.
315 1906 344 1927 e.
384 1906 403 1927 a
446 1897 608 1928 militia
648 1897 723 1928 im-

79 1952 243 1974 munes.
271 1941 504 1973 Tribuebatur
518 1944 606 1974 euim
628 1943 719 1974 mili-

79 1989 148 2020 tiae
180 1988 381 2020 immunitas
408 1983 585 2029 (ἀτέλεια)
615 1998 719 2029 quum

78 2035 164 2072 aliis,
191 2038 262 2066 tum
291 2035 442 2066 maxime
467 2035 528 2074 iis,
569 2035 627 2075 qui
660 2039 721 2066 aut

77 2080 212 2122 publica
247 2080 496 2120 redemissent,
526 2081 629 2113 veluti
656 2090 718 2121 pu-

77 2125 220 2166 blicani,
253 2130 312 2157 aut
337 2126 451 2158 choris
476 2128 583 2159 sacris
611 2127 720 2158 inter-

76 2177 211 2211 essent‚
262 2182 332 2212 quo
373 2176 532 2214 tempore
573 2173 615 2204 ad
655 2172 718 2204 sti-

77 2217 200 2259 pendia
232 2224 477 2258 evocarentur;
515 2228 545 2250 v.
581 2219 717 2251 Petit.

78 2265 99 2296 Ι.
134 2273 163 2295 c.
203 2274 236 2305 p.
275 2264 353 2298 662.
393 2264 508 2306 ibique
548 2264 718 2297 Wesse-

79 2310 180 2347 ling.
231 2310 446 2353 Leiyveid
487 2311 538 2343 De
578 2310 718 2342 infamia

77 2366 109 2396 p.
137 2355 182 2389 99
209 2365 283 2396 sqq.
320 2355 448 2388 Eadem
475 2366 585 2397 poena
611 2361 718 2398 atque

79 2401 113 2432 οἱ
128 2397 349 2442 ἀστράτευτοι
374 2402 489 2433 affecti
508 2406 586 2433 sunt
613 2403 716 2434 etiam

77 2448 134 2489 qui
175 2448 283 2480 aciem
330 2447 583 2486 deseruissent3
625 2448 718 2488 quod

76 2493 206 2525 crimen
259 2493 446 2525 vocabatur
494 2493 716 2534 λειποτάξιον.

76 2540 134 2571 De
175 2549 217 2570 eo
256 2543 395 2581 praeter
433 2541 634 2572 testimonia
673 2541 716 2572 de

77 2581 262 2626 οἷστρατείᾳ
314 2586 416 2617 allata
445 2595 474 2619 v.
502 2587 604 2617 etiam
635 2585 715 2627 Ly-

77 2641 195 2673 curg.
228 2632 262 2663 in
296 2632 422 2665 Leocr.
456 2642 488 2673 p.
522 2632 600 2666 189.
633 2632 713 2667 239.

80 2677 279 2709 Aeschiu.
308 2677 359 2709 De
386 2677 460 2709 fals.
488 2679 553 2719 leg.
580 2688 612 2719 p.
634 2678 713 2712 314.

78 2721 298 2756 Demosth.
326 2723 357 2756 iu
375 2723 500 2756 Boeot.
532 2724 555 2756 l.
583 2734 614 2765 p.
633 2724 711 2759 999.

266 819 353 850 Ante
378 819 462 860 βίου
491 820 672 851 Bekkerus
700 819 780 860 περί
801 818 918 849 omisit
943 817 1151 849 auctoritate
1178 827 1227 857 pr.
1259 818 1301 848 A.
1334 814 1372 848 Ω.
1401 817 1443 848 de

84 864 209 904 quibus
237 867 350 895 tamen
378 865 519 897 Bastius
546 865 623 897 nihil
653 865 770 898 refert.

797 977 827 1007 in
867 975 1041 1008 Alcibiad.
1076 976 1104 1007 I.
1137 987 1167 1017 p.
1203 975 1270 1008 520
1305 985 1356 1015 sq.
1399 975 1442 1007 de

797 1021 967 1054 Rliodior.
1009 1022 1190 1063 libert.'p.
1225 1020 1302 1054 200.
1362 1024 1440 1052 An-

797 1068 940 1100 docid.
969 1068 1011 1101 de
1028 1072 1170 1109 myster.
1189 1077 1219 1108 p.
1242 1067 1299 1100 35.
1334 1067 1441 1099 Prae-

797 1120 893 1146 terea
927 1115 1016 1146 conf.
1055 1114 1187 1146 Petit.
1229 1113 1335 1154 Legg.
1370 1116 1439 1145 ΑΜ.

798 1172 832 1202 p.
857 1160 933 1194 666.
957 1164 992 1192 et
1019 1160 1172 1192 Mutet.
1201 1159 1243 1191 ad
1263 1159 1439 1191 Aristotel.

798 1206 875 1240 Etb.
895 1207 973 1238 Vol.
1002 1206 1058 1240 111.
1090 1217 1122 1248 p.
1140 1205 1220 1239 371.
1249 1204 1303 1238 ed.
1323 1205 1438 1237 Ruhn-

795 1253 871 1287 keu.

843 1297 917 1330 τὸν
967 1297 1259 1338 καταλεγέντα
1302 1293 1323 1337 ἢ
1365 1294 1440 1328 τὸν

794 1341 837 1375 ἐν
869 1344 989 1386 μέρει
1030 1344 1111 1375 τινὶ
1151 1341 1437 1385 τεταγμένον]

795 1389 961 1432 Στρατειά
993 1388 1030 1421 ἐν
1066 1393 1137 1421 τοῖς
1175 1389 1288 1431 μέρεσι
1324 1394 1440 1421 extra-

793 1438 1026 1469 ordinaria
1079 1435 1243 1469 militia
1283 1440 1437 1469 vocatur.

792 1482 843 1515 Ex
869 1493 937 1525 quo
965 1482 1091 1523 liquido
1107 1485 1267 1523 apparet,
1293 1491 1361 1522 qua
1384 1492 1438 1513 ra-

792 1529 888 1561 tione
931 1529 1186 1570 distinguantur
1227 1527 1265 1558 οἱ
1301 1529 1437 1559 καταλε-

793 1574 1005 1616 γέντες,(]ιιί
1033 1574 1227 1606 iualbum
1249 1574 1436 1606 militum

792 1620 1017 1662 adscripti
1045 1624 1158 1659 sunt,
1184 1625 1218 1652 et
1245 1619 1282 1650 οἰ
1311 1618 1347 1650 ἐν
1380 1619 1436 1660 με’-

793 1679 842 1709 ρει
869 1668 931 1699 τινὶ
958 1667 1161 1708 τεταγμένοι.

838 1712 890 1756 μὴ
925 1716 1177 1755 στρατηγῶν
1209 1708 1433 1757 ἀφέντων]

792 1760 1013 1802 Expectabas
1039 1759 1128 1791 hunc
1163 1759 1345 1790 verborum
1378 1769 1435 1790 or·

793 1805 923 1839 dinem:
962 1805 1158 1847 στρατηγῶν
1187 1802 1230 1845 μὴ
1266 1799 1432 1843 ἀφέντων.

792 1852 862 1884 Sed
898 1864 930 1888 v,
962 1852 1004 1884 ad
1046 1853 1179 1883 Criton.
1223 1861 1255 1891 p.
1291 1850 1347 1884 47.
1395 1851 1433 1882 D.

792 1897 902 1939 Legg.
936 1898 984 1929 II.
1020 1908 1052 1939 p.
1096 1898 1174 1932 671.
1217 1897 1255 1928 l).
1295 1897 1355 1928 lv,
1399 1907 1430 1938 p.

793 1943 869 1978 723.
903 1944 943 1976 Ι).

836 1987 950 2030 πρὸς
1000 1987 1106 2020 τοὺς
1161 1984 1433 2025 πολεμικούς

790 2033 1022 2077 ἄρχοντας]
1050 2035 1165 2067 Etiam
1190 2032 1333 2064 Athenis
1349 2042 1432 2064 cou-

789 2086 857 2114 stat
898 2082 944 2114 ita
985 2081 1094 2113 fuisse
1133 2081 1351 2121 institutum,
1394 2084 1432 2110 ut

788 2128 913 2160 milites
950 2129 1032 2170 ipsi,
1066 2127 1121 2168 qui
1155 2127 1186 2159 in
1221 2125 1341 2156 eadem
1370 2135 1431 2156 ex-

788 2174 964 2216 peditione
982 2173 1152 2215 stipendia
1171 2172 1349 2207 fecissent,
1367 2170 1430 2202 du-

790 2221 886 2252 cibus
906 2220 1121 2262 praesidibus
1138 2218 1196 2250 has
1218 2227 1362 2249 caussas
1378 2217 1428 2248 iu-

790 2265 956 2299 dicarent.
995 2266 1106 2299 Quam
1126 2266 1245 2296 iurem
1275 2263 1430 2294 Astius

789 2313 915 2352 aliique
957 2312 1098 2344 laudant
1141 2310 1311 2348 Lysiam
1350 2308 1427 2343 adv.

791 2359 954 2390 Alcibiad.
988 2358 1016 2392 Ι.
1051 2358 1065 2399 §
1111 2357 1142 2391 5.
1175 2354 1266 2386 conf.
1309 2355 1427 2386 Plat-

789 2414 873 2439 ner.
913 2405 1062 2436 l’rocess
1096 2401 1162 2435 und
1189 2401 1317 2441 magen
1351 2401 1424 2432 Vol.

789 2461 822 2491 p.
849 2451 904 2485 95.
933 2450 1186 2482 Scbo'maun.
1239 2447 1289 2478 De
1315 2447 1426 2481 sor-tit,

786 2496 935 2528 iudicum
973 2496 1116 2528 Athenn.
1165 2505 1195 2535 p.
1229 2493 1284 2526 29,
1312 2493 1424 2525 Her-

786 2550 916 2574 mann.
965 2542 1186 2583 Antiquitatt.
1216 2537 1276 2570 Gr.
1295 2541 1326 2579 ξ.
1345 2539 1424 2573 146.

786 2593 821 2620 et
847 2589 1041 2620 Comment.
1092 2590 1142 2622 De
1175 2586 1333 2626 vestigiis
1360 2589 1422 2617 etr⁴

785 2645 816 2676 p.
845 2634 899 2668 60.
926 2634 981 2666 ubi
1010 2635 1061 2667 vir
1080 2633 1300 2668 doctissimus
1319 2631 1426 2669 addit,

784 2680 869 2711 iliud
896 2690 979 2713 sane
1005 2691 1082 2714 esse
1108 2681 1326 2720 ambiguum,
1358 2680 1424 2711 utri

785 2725 996 2759 fortitudinis
1019 2728 1172 2771 praemia
1190 2724 1421 2766 decreverint,

1476 301 1499 341 9
1504 303 1528 341 4
1535 302 1558 339 3
