1781 2971
297 155 375 195 l)l⁴]
411 152 684 194 LEGIBUS
719 151 835 192 LIB.
871 150 949 192 IX.
986 151 1029 190 l'.
1064 153 1155 191 sm.
1192 150 1253 191 St.
1402 152 1451 189 δῖ

107 273 196 326 ρῶν
247 273 334 312 τῶν
382 269 463 313 ὅσα
509 268 625 324 α’ργα
673 273 743 310 και
786 268 998 321 ἀνώνυμα
1049 266 1246 309 θάπτειν
1289 265 1456 316 ἀκλεεῖς

106 337 294 388 αὐτούς,
337 336 446 391 μήτε
483 334 664 386 στήλαις
700 334 806 389 μήτε
843 334 1032 390 ὀνόμασι
1070 335 1321 386 δηλοῦντας
1352 333 1457 383 τοὺς

107 405 290 462 τάφους.
367 404 473 446 Ἰἐαν
521 401 558 444 ‹)'

106 473 300 530 φονεύσῃ
338 470 454 522 τινα,
493 469 605 521 πλὴν
644 471 729 511 τῶν
767 468 847 511 ὅσα
887 474 932 511 ὲν
969 467 1109 522 ἀγῶνι
1147 469 1231 510 τῶν
1269 469 1458 522 δημοσίᾳ

108 541 352 592 τιθεμενων
388 535 648 593 αθλεύοντρὶ
690 553 727 577 τι
768 538 971 578 τοιοῦτον
1007 536 1159 593 δράσῃ,
1195 534 1458 585 ἐπεξίτωσαν

105 608 183 660 μὲν
220 609 259 647 οὶ
295 605 589 660 προςήκοντες
628 604 719 646 τοῦ,
745 603 890 659 φονου
931 603 988 655 τῷ
1027 606 1266 649 κτείναντι,
1319 603 1455 644 amo]-

107 674 331 724 uagantium
376 674 420 713 δὲ
467 673 550 712 τῶν
593 667 858 723 α’)ρονόμων
908 667 1022 710 οἷσιν
1069 666 1126 708 ἂν
1164 669 1235 708 καὶ
1274 664 1459 717 ὁπόσοις

108 738 328 799 προςτάξῃ
363 737 386 780 ὁ
427 737 684 791 προςήκωυ,
732 736 780 776 τὸ
821 738 864 776 ὑὲ
911 733 1054 793 ὅᾳλον
1090 734 1166 785 ἔξω
1211 734 1298 774 τῶν
1342 732 1458 788 ὅρων

107 821 185 856 της
213 820 361 859 χωρας
388 805 741 850 ἀποκτείναντας
778 804 979 844 διοοισαι.
1015 798 1094 844 ἐὰν
1131 803 1175 842 δὲ
1211 798 1394 857 ἄψυχόν
1418 818 1456 843 τι

109 958 213 988 onis
250 954 457 997 partibus
494 954 667 995 ultima,
709 955 888 986 deserta
930 955 1301 995 innominataque
1343 960 1456 986 sunt

110 1001 447 1034 Deinde-Matthiae
473 998 535 1031 Gr.
562 999 623 1031 Gr
652 1011 684 1041 p.
709 1000 788 1034 397.
816 1001 870 1032 ed.
898 1001 927 1033 1
955 1011 1031 1042 pro
1054 996 1184 1032 ἀκλεεῖς
1219 997 1350 1032 αι’τούς
1373 1002 1458 1032 scri-

112 1049 263 1082 bendum
288 1047 435 1089 putabat
459 1042 588 1077 ἀκλεεῖς
613 1043 736 1081 αὕτως,
765 1057 833 1088 quo
860 1057 931 1077 non
957 1057 1056 1087 opus.

203 1095 244 1126 Ε.
293 1093 505 1125 τοιοῦτον
533 1089 694 1134 δράσῃ]
723 1091 839 1133 δράσει
866 1093 887 1123 f.
916 1103 942 1126 ι’,
969 1098 1003 1124 et
1027 1103 1114 1124 corr.
1151 1090 1190 1124 Ω.
1217 1101 1247 1123 a.

110 1238 245 1267 πτομεν.
312 1226 399 1258 Cum
433 1227 627 1259 Platonicis
658 1238 750 1260 com-

110 1284 211 1317 pares
245 1273 430 1305 Aristot.
463 1273 579 1304 Ethic.
612 1272 750 1305 Nicom.

110 1321 206 1352 Libr.
250 1320 291 1350 V.
330 1329 357 1350 c.
392 1319 445 1352 15.
477 1324 511 1350 et
540 1319 608 1351 ΙΙΙ.
640 1331 668 1352 c.
698 1320 750 1353 11.

113 1384 156 1391 --
185 1362 266 1396 ὅσα
297 1360 420 1406 α’ργὰ,
453 1367 476 1396 i.
503 1376 532 1396 e.
566 1366 749 1405 inculta,

823 1225 888 1259 ὅσα
917 1237 948 1258 v.
982 1225 1199 1258 Matthiae
1231 1225 1293 1260 Gr.
1326 1227 1355 1268 ξ,-
1381 1227 1460 1261 287.

822 1273 985 1305 Ceterum
1029 1273 1133 1303 etiam
1173 1273 1322 1305 Athenis
1361 1274 1462 1305 bruta

820 1319 1033 1358 animantia,
1075 1328 1164 1358 quae
1197 1319 1375 1351 hominem
1410 1320 1462 1350 in-

819 1367 1051 1404 teremissent,
1071 1364 1289 1405 Ephetarum
1315 1367 1360 1398 ad
1377 1365 1462 1406 Pry-

610 401 699 456 ἄρα
752 401 989 454 ὑποζύγιον
1038 400 1062 453 ἢ
1109 399 1376 454 ζῶον ἆλλο
1415 417 1455 443 τι
1487 403 1522 445 E

111 1417 194 1453 utp.
210 1411 288 1445 855.
304 1410 392 1443 B.—
417 1411 572 1452 ovilae}
585 1417 666 1443 sunt
686 1422 750 1443 co-

111 1460 279 1490 lumnae
305 1458 592 1497 sepulcrales,
615 1459 750 1499 cippi;

112 1503 481 1537 Leichensteine.
531 1503 627 1535 infra
651 1505 748 1535 Libr.

115 1549 200 1581 XII.
236 1559 270 1590 p.
309 1548 388 1582 958.
430 1550 472 1580 E.
517 1555 755 1582 memorantur

114 1595 230 1626 λίθινα
266 1592 473 1635 ἐπιστήματα
503 1597 755 1636 sepulcrorum.

114 1641 206 1675 conf.
239 1639 374 1673 Cicer.
401 1640 513 1682 Legg.
541 1641 588 1673 ΙΙ,
615 1642 669 1676 25.
697 1642 755 1672 ubi

113 1689 216 1720 etiam
254 1686 296 1717 de
330 1696 426 1717 more
452 1688 572 1719 Attico
601 1689 756 1729 disputa-

113 1740 181 1765 tur.
214 1732 268 1763 Ibi
295 1733 387 1763 inter
410 1733 480 1764 alia
506 1733 548 1764 de
573 1734 756 1766 Demetrio

118 1779 313 1812 Phalereo:
357 1778 590 1820 Sepulcris
623 1781 756 1812 novis

116 1825 274 1857 finivit
314 1825 493 1857 modum.
557 1824 658 1857 Nam
693 1837 757 1858 su-

115 1881 187 1914 per
212 1876 360 1902 terrae
386 1872 587 1903 tumulum
615 1873 759 1904 noluit

117 1918 225 1964 quid
251 1918 407 1955 statui,
442 1918 527 1948 nisi
555 1918 758 1950 columel-

116 1965 218 2002 lam,
251 1963 392 1994 tribus
425 1964 593 1995 nubitis
625 1975 673 1995 ne
705 1964 760 1996 al-

117 2011 297 2047 tiorem,
333 2013 410 2040 aut
448 2020 650 2049 mensam,
687 2015 761 2042 aut

117 2054 332 2087 labellum.
359 2055 452 2086 conf.
480 2055 758 2088 Kirchmann.

119 2101 174 2133 De
200 2100 383 2132 funeribus
415 2100 517 2133 Rom.
548 2102 646 2134 Libr.
676 2103 698 2136 Ι.
733 2112 760 2133 c.

119 2147 152 2181 2.
178 2152 214 2177 et
238 2145 412 2178 Becker
438 2147 589 2179 Charicl.
617 2149 697 2180 Vol.
718 2148 761 2179 Il.

120 2203 154 2235 p.
181 2191 260 2225 191.
287 2203 363 2247 sqq„

166 2234 257 2270 Ἐὰν
282 2234 314 2268 ὃ
343 2235 420 2278 ἅοα
447 2236 694 2280 ὑποζύγιον
707 2239 761 2281 -Ῑ

123 2284 260 2315 Laudat
285 2284 399 2315 locum
424 2296 534 2327 nsque
554 2286 598 2317 ad
615 2283 764 2326 διορισαι

123 2330 152 2360 Ε
171 2340 193 2360 u
210 2340 225 2361 s
239 2329 316 2361 eb
308 2341 352 2361 lu
368 2341 383 2361 s
422 2331 588 2372 Praepar.
625 2332 763 2372 Evang.

126 2375 204 2414 ΧΗ,
228 2373 282 2407 42.
295 2386 328 2416 p
340 2376 478 2410 6121).
506 2378 762 2418 Corrigendum

125 2431 207 2452 vero
244 2421 279 2451 in
324 2422 378 2454 his
397 2434 560 2479 quoque
603 2425 764 2455 videatur

125 2465 213 2508 πλὴν
244 2465 311 2498 τῶν
348 2462 405 2499 ὅσ’
436 2465 485 2500 ἂν
518 2469 554 2500 ἐν
589 2466 697 2511 α’γωνι
734 2481 762 2501 κ.

126 2525 150 2544 τ.
182 2513 207 2543 λ.
234 2510 306 2544 Sed
322 2511 407 2545 noli
395 2517 597 2567 quidquam
616 2521 763 2548 tentare.

125 2558 214 2591 Nam
233 2556 275 2589 ἅν
292 2564 372 2600 post
389 2556 453 2591 ὅσα
473 2563 656 2602 omittitur,
681 2563 765 2603 quia

126 2615 167 2637 ex
181 2609 386 2645 antegresso
405 2604 463 2637 soh
478 2612 640 2649 tanquam
659 2618 765 2650 spon-

128 2656 160 2682 te
186 2651 404 2692 intelligitur.
456 2654 587 2685 Eadem
603 2655 693 2686 ratio
714 2660 764 2686 est

124 2698 160 2728 in
187 2698 358 2738 proximis
393 2695 458 2729 ὅσα
484 2701 603 2740 κτείνῃ.
640 2706 673 2731 ct
698 2701 763 2731 XI.

124 2754 154 2784 p.
191 2743 268 2777 920.
307 2743 344 2777 C.
408 2745 459 2775 De
499 2747 646 2779 articulo
685 2752 765 2779 ante

820 1418 959 1444 taneum
986 1411 1126 1442 decreto
1162 1412 1323 1444 videntur
1357 1413 1463 1443 inter-

819 1459 911 1490 fecta
943 1462 976 1489 et
1007 1461 1189 1497 asportata
1212 1468 1300 1497 esse,
1328 1468 1397 1499 qua
1422 1458 1464 1489 de

823 1515 861 1536 re
887 1505 1003 1536 statim
1030 1503 1274 1543 explicabitur.

871 1548 941 1581 ἐὰν
967 1547 1010 1580 δὲ
1036 1546 1206 1588 ἄψυχόν
1234 1549 1331 1592 τι-]
1356 1550 1465 1580 Athe-

826 1598 881 1628 nis
911 1596 1025 1627 forum
1060 1593 1113 1625 ἐπὶ
1154 1593 1353 1636 Πρυτανείῳ
1392 1601 1466 1627 erat

825 1643 1065 1678 constitutum,
1092 1641 1150 1671 ubi
1176 1642 1467 1679 resinanimatae‚

827 1689 953 1730 quibus
985 1687 1121 1727 illapsis
1159 1688 1237 1727 quis
1271 1694 1347 1719 erat
1377 1689 1467 1719 oeci-

825 1746 904 1774 sus,
930 1734 1045 1774 ligna,
1070 1742 1174 1773 saxa,
1201 1733 1312 1773 ferra,
1339 1734 1409 1765 alia.
1432 1734 1466 1764 id

827 1790 937 1822 genus
955 1779 1075 1817 multa,
1100 1779 1268 1810 iudicium
1287 1780 1469 1812 subibant:

828 1838 859 1857 v.
900 1825 1183 1857 Demosthen.
1222 1826 1258 1857 in
1290 1827 1464 1857 Aristoer.

828 1883 862 1914 p.
888 1872 974 1911 645,
1002 1871 1055 1905 14.
1096 1872 1300 1903 Aeschin.
1326 1873 1361 1903 in
1388 1871 1466 1903 Cte<

829 1918 918 1959 siph.
955 1923 988 1958 15.
1016 1916 1094 1950 244.
1135 1928 1167 1958 Ρ.
1195 1917 1248 1951 88.
1300 1918 1467 1950 Polluc.

830 1964 956 1995 Onom.
974 1962 1135 2002 Vin-10,
1156 1964 1234 1997 120.
1260 1964 1468 2005 Harpoer.

830 2016 864 2041 et
899 2009 1058 2040 Suidas
1095 2010 1130 2039 in
1168 2021 1198 2040 v.
1240 2008 1468 2050 Πρυτανεῖον.

829 2056 1046 2088 Matthiae
1076 2055 1130 2086 De
1167 2055 1308 2088 iudiciis
1340 2057 1469 2088 Athen.

827 2103 850 2134 l.
885 2112 912 2133 c,
946 2112 979 2142 p.
1007 2101 1074 2134 152
1105 2111 1157 2142 sq.
1191 2102 1322 2133 Petit.
1360 2103 1469 2144 Legg.

831 2149 904 2179 Att.
935 2158 967 2188 p.
993 2147 1050 2181 58.
1089 2152 1123 2178 et
1147 2147 1225 2182 628.
1256 2148 1404 2180 Meier.
1438 2155 1472 2180 et

832 2193 1093 2226 Schomann.
1152 2194 1207 2225 De
1238 2195 1298 2225 lite
1333 2196 1405 2225 Att.
1438 2206 1470 2236 p.

832 2240 876 2274 19
896 2250 944 2281 sq.
973 2239 1164 2271 Heffter.
1192 2240 1247 2272 De
1273 2241 1470 2273 reindicia-

832 2288 886 2318 ria
908 2286 1040 2317 Athen.
1066 2296 1098 2326 p.
1114 2285 1181 2319 138
1196 2297 1272 2327 sqq.
1302 2286 1472 2318 WVachs-

834 2332 961 2364 muth.
989 2333 1182 2373 Antiquitt.
1208 2333 1300 2363 Hell.
1316 2332 1363 2363 11.
1392 2332 1428 2363 Ρ.
1448 2333 1471 2364 1.

833 2378 958 2420 ρ.320.
987 2378 1219 2410 Hermann.
1248 2379 1302 2410 De
1323 2379 1473 2419 vestigg.

832 2435 866 2465 p.
883 2424 939 2458 49.
962 2429 996 2456 et
1013 2424 1244 2464 Antiquitatt.
1270 2424 1330 2456 Gr.
1349 2424 1378 2464 ξ.
1397 2425 1472 2458 104.

831 2471 872 2505 In
905 2471 972 2501 hoe
1008 2470 1121 2510 ipsum
1156 2475 1270 2502 autem
1305 2471 1473 2502 iudicium

832 2516 1022 2548 verisimile
1041 2522 1092 2547 est
1109 2517 1212 2547 etiam
1235 2527 1353 2548 eorum
1372 2527 1471 2548 caus-

833 2573 906 2594 sam
933 2563 1041 2593 fnisse
1060 2562 1255 2602 deductam,
1282 2563 1341 2604 qui
1359 2573 1378 2594 a
1394 2563 1473 2594 bru—

833 2611 877 2641 tis
923 2608 1159 2640 animantibus
1197 2614 1315 2640 essent
1357 2610 1473 2641 occisi.

834 2654 1071 2693 Quamobrem
1093 2654 1193 2686 Plato
1211 2655 1298 2686 haee
1312 2665 1380 2686 non
1400 2655 1475 2686 sine

835 2710 959 2732 caussa
991 2701 1185 2731 coniunxit..
1238 2701 1351 2732 Aliter
1383 2705 1475 2732 certe

837 2748 893 2779 vix
927 2747 1123 2787 intelligas,
1156 2748 1190 2778 in
1225 2757 1373 2786 quonam
1405 2748 1476 2779 alio
