1781 2971
384 1017 1134 1094 ARGUMENTUM

577 1156 753 1191 uun!
788 1155 943 1190 Rom.

94 1316 315 1404 Sequitur
355 1365 496 1404 nunc,
542 1358 592 1391 ut
633 1350 753 1406 leges
797 1348 851 1389 de.
897 1348 1173 1404 gravioribus
1206 1347 1460 1390 criminibus

92 1406 350 1449 scribendae
401 1407 501 1448 sint.
577 1407 644 1448 Ac
686 1406 871 1462 primum
913 1404 1089 1459 quidem
1129 1403 1363 1445 dicendum
1408 1404 1461 1445 de

95 1463 338 1518 sacrilegiis
382 1469 462 1505 est.
548 1463 614 1504 De
657 1463 815 1517 quibus
858 1477 969 1516 quae
1023 1460 1345 1516 promulganda
1393 1462 1461 1502 lex

95 1520 202 1572 erit,
245 1520 285 1560 ei
327 1519 550 1575 praemitti
587 1520 762 1575 ‘oportet
806 1518 1075 1573 prooemium
1107 1517 1342 1571 quoddam,
1377 1533 1462 1573 quo

96 1575 327 1628 doceatur,
373 1591 491 1628 eos,-
518 1577 591 1630 qui
633 1577 813 1631 impium
856 1574 975 1616 istud
1015 1573 1157 1616 scelus
1194 1576 1463 1616 committere

97 1631 312 1685 audeant,
357 1632 544 1674 exitioso
586 1632 744 1688 agitari
787 1631 944 1672 mentis
987 1630 1161 1680 furore3
1211 1646 1235 1670 a
1279 1646 1366 1684 quo
1416 1639 1465 1672 ut

96 1689 350 1742 liberentur,
383 1688 680 1731 accedendum
713 1703 806 1731 esse
827 1688 882 1729 ad
915 1687 1020 1729 deos
1054 1702 1151 1728 cum
1181 1687 1267 1742 piis
1299 1688 1464 1743 suppli-

100 1746 346 1788 cationibus
387 1752 430 1787 et
471 1746 821 1801 expiationibus,
867 1743 1198 1797 audiendosque
1239 1744 1356 1786 viros
1388 1746 1464 1786 bo-

99 1817 178 1844 nos
223 1818 273 1845 ac
318 1803 563 1858 sapientes,
606 1803 679 1857 qui
723 1804 909 1844 honesta
951 1800 1133 1842 consilia
1181 1801 1466 1856 suppeditent

100 1866 232 1914 atque
276 1860 513 1901 execrabili
553 1859 682 1901 animi
726 1859 879 1901 morbo
926 1857 1174 1914 praeceptis
1215 1858 1465 1913 sapientiae

102 1915 380 1967 medeantur3
434 1917 500 1958 sin
542 1923 685 1958 autem
727 1916 885 1969 aliquis
927 1920 1116 1969 nequeat
1153 1916 1323 1968 sanari,
1366 1916 1465 1957 huic

102 1973 255 2015 melius
299 1988 393 2015 esse
435 1974 543 2015 mori
584 1988 716 2027 quam
754 1973 915 2014 vivere.
992 1972 1089 2012 Lex
1129 1971 1227 2025 ipsa
1267 1988 1371 2013 vero
1413 1973 1466 2013 de

105 2029 189 2070 hoc
222 2030 386 2070 scelere
419 2030 477 2070 ita
510 2030 774 2082 constituat,
808 2039 855 2070 ut
893 2028 965 2083 qui
996 2028 1039 2068 in
1072 2027 1301 2084 sacrilegio
1338 2029 1469 2070 fuerit

106 2085 429 2140 deprehensus,
463 2087 498 2127 si
531 2102 683 2128 servus
717 2092 792 2127 aut
822 2085 1079 2142 peregrinus
1111 2085 1190 2138 sit,
1223 2085 1260 2126 is
1291 2085 1470 2127 infamia

106 2148 284 2184 notatus
326 2149 370 2184 et
411 2143 547 2199 virgis
579 2144 753 2200 publice
799 2157 955 2184 caesus
1007 2142 1199 2183 civitatis
1231 2142 1393 2184 finibus
1426 2158 1468 2184 e-

107 2199 306 2249 iiciatur3
351 2199 419 2240 sin
470 2200 577 2242 civis
629 2201 709 2253 sit,
760 2199 918 2254 capitis
969 2199 1186 2254 supplicio
1238 2199 1467 2242 afficiatur.

109 2255 224 2298 Nam
266 2271 431 2310 poenae
474 2272 606 2311 quum
647 2257 731 2299 hoc
778 2257 833 2298 sit
871 2256 1167 2311 propositum,
1210 2261 1260 2296 ut
1299 2257 1359 2310 is,
1394 2256 1469 2311 qui

110 2327 203 2354 eam
247 2313 427 2367 patitur,
469 2314 622 2355 melior
651 2313 750 2366 fiat,
801 2313 1020 2369 peregrini
1064 2318 1208 2353 autem
1256 2328 1306 2355 ac
1356 2314 1468 2354 servi

111 2384 197 2410 non
237 2369 324 2410 sint
364 2370 603 2412 secundum
655 2371 776 2426 leges
831 2376 1007 2411 nostrae
1055 2369 1248 2411 civita-tis
1296 2370 1470 2412 educati

112 2425 372 2481 formatique
403 2426 458 2467 ad
482 2428 820 2478 humanitatem3
842 2427 937 2468 fieri
956 2426 1154 2482 profecto
1175 2432 1334 2481 potest,
1356 2427 1401 2469 hi
1423 2435 1473 2469 ut

114 2481 268 2537 poenis
300 2498 351 2524 ae
381 2484 607 2539 suppliciis
637 2484 913 2540 corrigantur
945 2489 989 2524 et
1018 2481 1074 2524 ad
1104 2483 1259 2526 melius
1292 2499 1473 2526 conver-

115 2540 286 2588 tantm-3
331 2539 438 2581 civis
471 2547 614 2583 autem
647 2557 779 2596 quum
809 2541 975 2597 patriae
1006 2554 1112 2581 suae
1142 2540 1355 2582 institutis
1386 2557 1472 2582 non

117 2596 260 2636 factus
302 2595 360 2636 sit
393 2598 543 2640 melior
586 2614 844 2654 omnemque
877 2597 1079 2639 fefellerit
1110 2612 1229 2653 spem
1259 2598 1312 2639 de
1344 2598 1472 2640 animi

119 2651 420 2693 emendatione
459 2661 719 2711 susceptam,
761 2655 968 2711 gravibus
1000 2654 1084 2695 iam
1124 2660 1254 2696 antea
1293 2656 1335 2696 in
1369 2654 1475 2696 deos

122 2714 193 2749 ant
226 2715 428 2763 parentes
462 2718 536 2753 aut.
567 2712 749 2766 patriam
781 2711 1020 2754 commissis
1053 2711 1326 2764 criminibus,
1359 2713 1476 2752 insto
