1781 2971
291 183 373 224 402

774 180 1147 223 PLATONIS

294 298 380 338 τῶν
416 313 460 339 τε
498 294 583 338 ὑπὸ
622 298 701 349 γῆς
734 299 857 339 θεῶν
901 302 972 339 καὶ
1013 300 1100 339 τῶν
1138 299 1260 358 τῇδε,
1306 297 1391 340 ὅσα
1442 298 1646 353 προςήκει

295 365 548 416 τελεῖσθαι,
584 366 690 413 τους
726 363 937 417 ἐξηγητὰς
971 367 1207 418 γίγνεσθαι
1243 369 1418 419 κυρίους
1453 364 1646 422 φράζον-

300 446 376 478 τας
389 442 397 452 ·
435 429 587 481 θήκας
624 429 665 471 δ’

723 430 833 472 εἶναι
879 434 965 472 τῶν
1006 435 1176 485 χωρίων
1223 431 1369 475 ὁπόσα
1403 434 1483 485 μὲν
1520 432 1648 486 ἐργά-

296 511 401 550 σιμα
439 498 676 550 μηδαμοῦ,
722 496 832 552 μήτε
872 515 913 539 τι
955 505 1064 553 μέγα
1099 499 1207 552 μήτε
1246 515 1285 540 τι
1320 497 1504 554 σμικρὸν
1538 501 1650 553 μνῆ·

295 581 381 617 μα,
426 561 454 604 ἃ
503 565 546 604 δὲ
590 562 616 614 ἡ
663 563 787 618 χαῖοα
836 563 946 620 ποὸς
991 564 1117 608 τοῦτ’

1171 564 1282 608 αὐτὸ
1337 565 1478 621 μόνον
1514 565 1650 623 φύσιν

392 671 429 704 Ε.
478 673 598 711 χῶμα
625 673 665 703 δὲ
691 672 902 714 ιιὴχοιῖν]
931 673 988 705 Sic
1017 675 1059 704 A.
1088 674 1134 706 ...Q
1165 683 1193 705 τ.
1222 673 1243 705 f.
1270 674 1301 705 δ.
1328 685 1356 704 ο.
1388 679 1422 707 et
1446 684 1600 717 marg-m
1620 685 1648 707 c.

300 719 362 749 Vu'
368 729 412 759 go
436 716 616 758 χωννύναι

301 809 398 850 quuti
433 809 511 840 sint.
564 807 614 840 Ne
641 812 753 840 tamen
781 810 936 842 testimo-

301 856 352 887 nia
387 854 544 887 Platonis
576 854 676 893 plane
703 855 856 887 solitaria
883 866 939 888 re·

297 902 512 942 linquamus,
544 898 721 932 addidisse
747 900 877 933 iuvabit
901 912 940 932 u-

300 957 379 979 num
419 948 614 978 alterumve
661 947 792 985 locum,
850 947 940 980 unde

301 998 444 1025 nostrae
488 1000 609 1023 eorum
663 992 939 1032 interpretationi

299 1037 428 1079 aliquid
463 1036 628 1079 praesidii
664 1041 698 1068 et
736 1038 939 1070 firmamenti

301 1084 454 1116 accedat.
514 1081 685 1114 Conferas
723 1083 826 1124 igitur
867 1094 942 1116 cum

300 1130 390 1161 locis
419 1129 576 1160 Platonis
602 1127 794 1169 Xenoph.
828 1130 940 1161 Anah.

300 1176 369 1207 111.
401 1176 435 1214 2,
468 1174 528 1208 22·
568 1171 688 1209 πάιτες
718 1173 778 1213 μὲν
813 1174 877 1216 γὰρ
911 1187 942 1206 οι

301 1232 466 1260 notatam,
500 1230 533 1251 EC
554 1220 607 1251 καὶ
641 1231 760 1260 πρΟΟω
786 1221 853 1252 ’ἰῶν
883 1232 942 1262 TIT·

305 1269 376 1310 γῶν
415 1265 542 1307 ἄποροι
565 1261 640 1304 αἷσι,
668 1266 830 1307 προΐῖοισι
856 1266 943 1307 πρὸς

304 1312 362 1346 τὰς
406 1311 517 1355 πηγὰς
562 1309 721 1351 διάβατοι
758 1324 940 1354 γιγνονιαι.

299 1361 355 1391 ubi
382 1360 462 1392 item
493 1359 659 1390 internam
684 1369 827 1400 eamque
843 1359 939 1391 obie-

299 1407 422 1438 ctivam
458 1405 504 1436 rei
533 1404 797 1445 possibilitatem
827 1406 938 1436 notari

299 1457 443 1493 apparet
488 1460 550 1481 nec
588 1459 671 1481 vero
714 1461 806 1488 eam.
852 1461 939 1492 quae

300 1507 342 1530 ex
369 1499 513 1528 aliarum
540 1505 654 1528 rernm
682 1505 771 1528 nexu
791 1507 938 1537 suspen-

300 1554 338 1574 sa
365 1543 587 1584 intelligitur,
616 1547 738 1582 estque
764 1542 817 1573 hic
844 1544 938 1574 locus

299 1588 492 1621 simillimus
529 1588 592 1623 illi,
636 1596 738 1627 quem
773 1592 875 1620 antea
922 1597 939 1618 e

299 1640 400 1667 sexto
444 1635 530 1666 libro
568 1633 703 1672 Legum
748 1635 939 1666 attulimus.

298 1679 555 1719 Xenophon.
607 1678 733 1718 Cyrop.
784 1679 842 1712 ΙΙΙ
893 1678 939 1719 3.,

297 1726 353 1760 50.
382 1722 522 1763 ουδεμιά
554 1721 618 1765 γάρ
643 1721 732 1754 ἐστιν
764 1722 855 1756 οὕτω
880 1735 938 1755 κα-

300 1770 338 1813 λὴ
365 1772 578 1811 παραιίεσις,
606 1766 679 1809 ἥτις
705 1769 787 1801 τοὺς
809 1769 853 1810 μὴ
882 1767 938 1801 ὂν-

306 1826 364 1849 τας
395 1813 554 1871 ἀγαθοὺς
588 1811 794 1856 αὖθημερὸι
832 1814 937 1848 ἀκού-

304 1871 428 1894 nautas·
465 1858 626 1903 ἁὶαθούς
673 1861 824 1904 ποιήσει·
875 1873 939 1893 ουκ

303 1906 347 1940 ἀν
364 1903 429 1940 οὖν
454 1906 598 1949 τοξότας
624 1917 671 1947 γε,
697 1908 731 1940 εἰ
751 1908 794 1949 μὴ
812 1908 937 1961 ἔμπρο-

305 1954 393 1986 σθεν
415 1956 516 1986 τοῦτο
541 1953 796 1996 μεμελειγκότες
820 1949 938 1991 ὦσιν,

304 1997 386 2032 οὐδὲ
400 1999 466 2041 μὴι
478 1996 685 2037 ἀκοντιστάς,
700 2012 739 2032 οι
735 1996 782 2030 ’δὲ
807 1997 872 2041 μὴν
889 2011 939 2031 ιπ-

303 2047 402 2078 πέαε·
439 2043 504 2077 ἀλλ’
541 2042 627 2077 οὐδὲ
652 2056 718 2089 urz
750 2043 787 2077 τά
813 2057 850 2087 γε
875 2045 939 2078 σώ-

303 2104 388 2132 ματα
437 2090 578 2124 ίκανοῦς
650 2096 780 2128 ποιεῖν,
826 2091 860 2123 εἰ
895 2090 938 2133 μή

302 2136 461 2180 πρόσθεν
506 2134 688 2180 ἠσκηκότες
731 2130 825 2170 ὦσιν,
870 2148 939 2178 quo

300 2185 378 2216 loco
403 2187 498 2215 recte
529 2194 701 2226 perpenso
735 2193 800 2214 non
829 2183 938 2215 minus

299 2229 558 2262 confirmatum
550 2230 587 2260 iri
606 2231 827 2268 arbitramur,
847 2228 939 2269 quod

298 2276 415 2318 paullo
441 2279 519 2307 ante
537 2273 772 2309 iudicavimus.
826 2278 939 2315 Atque

298 2321 418 2353 eadem
451 2321 538 2353 ratio
570 2326 623 2353 est
655 2321 786 2355 Anah.
818 2320 874 2353 111.
907 2320 938 2353 1.

297 2366 352 2401 36.
387 2367 467 2399 VIl.
501 2366 541 2406 6,
566 2366 621 2401 24.
674 2368 802 2399 Verum
852 2367 937 2397 satis

298 2414 362 2445 erit
398 2412 532 2444 duobus
574 2414 696 2445 saltem
741 2413 824 2444 locis
864 2410 933 2443 Xe-

295 2457 479 2499 nophontis
511 2457 635 2490 additis
661 2458 935 2500 interpretationi

297 2509 436 2536 nostrae
476 2503 576 2535 fidem
615 2505 752 2538 fecisse.
808 2503 934 2544 Itaque

296 2551 395 2581 nobis
432 2550 477 2580 ita
512 2552 763 2589 persuasimus,
800 2553 836 2580 nt
862 2553 931 2580 sta-

295 2601 457 2632 tuamus,
516 2594 549 2625 εί
591 2606 665 2628 cum
713 2594 931 2628 coniunctivo

296 2641 394 2681 poni,
435 2639 491 2671 ubi
527 2642 685 2673 condicio
723 2641 930 2678 enuntiatur,

294 2696 381 2728 quae
407 2695 468 2726 pro
494 2686 602 2726 ipsius
629 2688 677 2719 rei
712 2691 832 2718 natura
859 2688 933 2716 rata

294 2741 373 2764 esse
398 2735 517 2772 queat3
545 2730 604 2763 ἐάν
629 2737 743 2765 autem
760 2730 931 2772 usurpari,

293 2777 349 2809 ubi
377 2776 536 2809 condicio
555 2779 657 2811 etiam
676 2788 715 2810 ex
744 2776 846 2810 rebus
873 2785 929 2807 ca-

1007 819 1046 840 su
1075 810 1339 842 obvenientibus
1365 819 1534 851 suspensa
1562 814 1627 841 est.

1057 857 1238 895 κυρίοις
1280 852 1541 896 φράζοιτας·
1576 853 1650 896 θή-

1011 910 1087 933 κας
1119 900 1151 932 δ’
1181 901 1245 942 ——]
1303 901 1568 934 Valckenar.
1607 900 1649 932 ad

1012 946 1183 979 Herodot
1203 947 1280 978 VIl.
1309 946 1388 981 106.
1407 945 1448 977 T.
1469 947 1522 978 xl.
1552 946 1646 978 Part.

1010 993 1038 1023 Ϊ
1083 1003 1114 1033 p
1160 993 1240 1027 356.
1287 993 1457 1025 correxit:
1511 1003 1653 1034 κυριους

1012 1037 1171 1079 φράζειν·
1200 1032 1547 1080 τὰςθήκαςδέἶι·αιε
1575 1048 1652 1070 nam

1012 1095 1086 1125 κιρι
1081 1090 1157 1114 ιὀυς
1212 1085 1390 1126 postulare
1438 1084 1652 1124 infinitivum,

1011 1141 1073 1162 nec
1100 1127 1215 1171 θήκας
1241 1135 1336 1163 recte
1353 1139 1472 1162 carere
1489 1130 1650 1161 articulo.

1014 1180 1126 1216 Atque
1142 1176 1230 1208 hanc
1262 1176 1544 1208 Valckenarii
1572 1186 1652 1207 sen-

1011 1222 1153 1253 tentiam
1207 1232 1301 1254 suam
1347 1222 1509 1254 fecerunt
1549 1221 1652 1253 etiam

1013 1268 1182 1307 Astius,
1208 1268 1420 1300 Turicenses
1468 1272 1502 1299 et
1543 1267 1652 1299 Her-

1010 1323 1205 1352 mannus,
1246 1313 1302 1354 qui
1336 1315 1450 1345 locum
1479 1323 1520 1345 eo
1547 1312 1652 1345 modo

1010 1360 1168 1391 refictum
1211 1358 1406 1390 ediderunt.
1472 1361 1515 1391 At
1552 1359 1650 1392 nobis

1010 1404 1146 1446 quidem
1176 1404 1320 1436 mutatio
1346 1404 1411 1435 ista
1437 1413 1500 1437 nec
1530 1413 1650 1437 neces-

1009 1451 1098 1482 saria
1139 1460 1201 1483 nec
1252 1450 1377 1481 rationi
1418 1456 1652 1483 consentanea

1009 1497 1157 1528 videtur.
1207 1494 1294 1528 Nam
1323 1496 1491 1528 articulus
1512 1495 1650 1537 quidem

1008 1547 1086 1574 ante
1117 1540 1235 1583 θήκας
1267 1543 1367 1582 plane
1398 1546 1453 1574 est
1485 1541 1652 1574 intolera-

1009 1588 1098 1628 bilis,
1123 1588 1179 1629 qui
1205 1587 1286 1618 ferri
1313 1587 1392 1619 ideo
1421 1597 1488 1619 non
1520 1591 1651 1629 potest,

1008 1635 1086 1675 quia
1124 1643 1266 1676 prorsus
1303 1637 1453 1675 negatur
1493 1634 1652 1674 sepulcra

1009 1681 1041 1711 in
1083 1680 1210 1711 talibus
1249 1679 1446 1720 regionibus
1495 1678 1653 1711 facienda

1009 1736 1096 1757 esse.
1165 1725 1352 1756 Praeterea
1394 1724 1496 1757 etiarn
1541 1725 1653 1757 conti—

1009 1780 1078 1802 nuo
1111 1769 1250 1802 additur
1282 1768 1368 1811 μήτε
1399 1781 1427 1801 τι
1459 1770 1543 1812 μέγα
1566 1767 1653 1811 μηίε

1011 1828 1036 1847 τι
1066 1814 1210 1857 σμικρὸν
1232 1816 1355 1856 μνῆμα.
1391 1819 1440 1848 Ac
1466 1825 1548 1848 mox
1563 1825 1651 1857 quo-

1007 1872 1074 1903 que
1110 1863 1182 1894 sine
1219 1862 1384 1894 articulo:
1420 1861 1514 1901 χῶμα
1546 1859 1582 1892 δὲ
1606 1859 1651 1903 μὴ

1007 1909 1102 1949 χοῦν,
1138 1912 1173 1940 et
1205 1906 1322 1938 λίθινα
1364 1905 1400 1938 δὲ
1431 1905 1649 1950 ἐπιστήματα.

1008 1953 1113 1987 Quod
1146 1963 1228 1985 vero
1268 1953 1426 1985 arbitrati
1470 1958 1551 1985 sunt
1590 1953 1651 1985 viri

1007 1999 1198 2032 doctissimi
1234 2004 1313 2039 post
1347 2000 1490 2039 κυρίους
1530 2009 1650 2032 neces-

1008 2047 1099 2078 sario
1146 2045 1273 2086 requiri
1322 2044 1478 2086 φράζειν,
1526 2045 1558 2076 in
1608 2055 1650 2077 eo

1008 2101 1217 2132 magnopere
1251 2091 1424 2122 falluntur.
1483 2089 1572 2122 Nam
1600 2091 1648 2131 γί-

1010 2137 1153 2179 γνεσθαι
1191 2138 1335 2178 κιριόυς
1371 2145 1434 2177 per
1471 2146 1509 2168 se
1552 2144 1650 2168 seor-

1009 2193 1083 2214 sum
1122 2182 1359 2224 aceipiendum
1401 2185 1477 2220 est,
1523 2181 1568 2212 ita
1612 2185 1648 2213 ut

1009 2228 1196 2270 significet:
1247 2231 1521 2269 potestatem
1577 2225 1647 2258 ha-

1009 2274 1127 2305 bere:
1171 2273 1224 2304 cui
1265 2271 1405 2304 additur
1444 2270 1648 2313 φράζοντας,

1008 2318 1038 2350 h.
1067 2330 1097 2350 e.
1127 2318 1293 2350 dumea
1324 2318 1509 2350 edicant.
1549 2317 1647 2352 Quo-

1007 2366 1094 2397 circa
1121 2374 1182 2395 nec
1207 2365 1272 2395 ista
1293 2365 1398 2395 ullam
1418 2364 1645 2396 mutationem

1006 2410 1191 2451 requirunt.
1253 2409 1324 2441 Iam
1370 2419 1450 2441 iero
1490 2411 1646 2450 proxima

1004 2457 1054 2488 sic
1103 2454 1284 2494 expedias:
1328 2452 1444 2495 θήκας
1487 2451 1516 2485 δ’
1560 2450 1646 2486 εἶναι

1003 2499 1161 2542 μηδαμοῦ
1189 2501 1254 2531 τῶν
1279 2503 1423 2542 χωρίων,
1450 2496 1568 2531 ὁπόσα
1586 2500 1646 2539 μὲν

1003 2544 1165 2587 ἐργάσιμα
1202 2545 1343 2589 (ἐστίν),
1379 2544 1461 2587 μήιε
1505 2557 1531 2577 ιι
1563 2546 1647 2588 μέγα

999 2591 1080 2634 μήτε
1107 2605 1133 2624 τι
1160 2590 1302 2634 σμικρὸν
1329 2593 1457 2632 μνῆμαι
1489 2601 1504 2623 s
1524 2593 1646 2633 epui-

1001 2649 1068 2670 cra
1103 2648 1312 2679 nusquam
1348 2641 1476 2669 sunto
1511 2635 1644 2669 iniis

1003 2683 1278 2723 regionibus,
1328 2693 1440 2724 quae
1466 2683 1552 2714 coli
1602 2688 1645 2715 et

1001 2730 1112 2761 arari
1140 2729 1328 2771 possint,
1352 2738 1427 2761 nec
1453 2738 1642 2769 magnum

1002 2785 1081 2807 nec
1116 2784 1293 2817 parvum
1330 2772 1519 2815 aliquod
1563 2783 1643 2806 mo-

1748 737 1753 769 l

1748 784 1752 856 i

1748 653 1757 731 *A*
1750 558 1757 652 —9--——

1758 794 1766 844 ν·-
1759 529 1772 763 -η-μὺ-οι--η-
