1781 2971
308 118 389 166 328
833 124 1206 166 PLATONIS

307 239 439 296 ἥμισυ
466 241 723 295 μαρτυριῶν
749 242 1118 284 καταδικασθῶσί
1140 258 1264 292 τινες,
1301 239 1384 293 τὴν
1408 240 1520 284 κατὰ
1552 241 1656 285 ταύ·

309 323 390 357 τας
423 305 622 350 ἁλοῦσαν
657 308 781 358 δίκην
812 306 1032 351 ἀνάδικον
1078 311 1328 363 γίγνεσθαι,
1376 307 1655 366 άμφιςβήτη-

307 389 376 415 σιν
412 372 451 415 δ’
491 371 602 416 εἶναι
639 375 712 415 καὶ
750 375 1054 429 διαδικασίαν,
1103 374 1185 418 εἴτε
1221 373 1334 417 κατὰ
1373 376 1538 424 ταυτας
1573 375 1656 418 εἴτε

305 438 366 494 μὴ
405 437 432 492 ἡ
469 441 566 493 δίκη
603 442 776 494 ἐκρίθη,
813 438 1032 496 ὁποτέρως
1068 441 1105 483 δ’
1141 439 1198 484 ἂν
1234 442 1386 500 κριθῇ,
1427 441 1561 501 ταύτῃ
1593 460 1656 495 yn

307 509 483 559 γνέσθω
523 505 572 549 τὸ
614 509 733 557 τέλος
767 508 855 548 τῶν
890 509 1149 563 ἔμπροσθεν
1185 510 1330 551 δικῶν.

409 570 519 633 Cap.
562 570 668 615 XV.
741 575 930 616 Πολλῶν
968 577 1012 617 δὲ
1048 571 1190 616 ὄντων
1227 578 1298 616 καὶ
1334 573 1480 616 καλῶν
1515 577 1562 615 ὲν
1596 574 1655 627 τῷ

304 640 403 682 τῶν.
428 637 691 694 ἀνθρώπων
725 642 806 693 βίῳ
843 648 934 690 τοῖς
971 643 1186 690 πλείστοις
1219 639 1369 683 αὐτῶν
1407 637 1502 682 οἷον
1529 641 1657 696 κῆρες

304 704 646 764 ἐπιπεφύκασιν,
683 708 730 749 αἳ
775 711 1114 762 καταμιαίνουσί
1150 724 1193 750 τε
1230 710 1304 751 καὶ
1351 704 1655 763 καταρρυπαί-

304 788 454 816 νουσιν
491 770 625 815 αὐτοὲ.
661 775 733 815 καὶ
770 771 823 824 δὴ
862 776 934 816 καὶ
965 776 1061 825 δίκη
1098 779 1143 816 ὲν
1178 773 1441 829 ἀνθρώποις
1478 773 1569 822 πῶς
1600 772 1654 815 οὐ

302 839 463 887 καλόν,
509 836 532 881 ὃ
572 837 720 881 πάντα
771 838 958 896 ἡμέρωκε
995 839 1049 882 τὰ
1090 840 1389 897 ἀνθρώπινα,·
1433 841 1571 882 καλοῦ
1609 842 1652 882 δὲ

394 1014 438 1045 D.
491 1010 711 1056 ὁποτέρως
737 1010 772 1044 δ’
799 1011 846 1045 ἂν
874 1013 1025 1057 κριθῇ]
1051 1015 1288 1047 L1br1omnes
1316 1010 1494 1056 ὁπότερος.
1528 1015 1653 1046 Emen-

302 1061 402 1092 davit
427 1062 561 1101 piimus
588 1059 798 1100 Stephanus
852 1060 892 1091 In
920 1062 962 1094 A.
992 1066 1026 1092 et
1055 1058 1092 1093 Ω.
1126 1065 1216 1091 teste
1242 1059 1406 1091 Bekkexo
1432 1061 1540 1092 verba
1566 1056 1652 1092 ὁπο-

303 1105 410 1147 τέρως
437 1102 470 1137 δ’
497 1102 539 1137 ἂν
565 1106 671 1147 κριθῇ
698 1107 859 1147 primitus
885 1108 1017 1139 omissa
1042 1107 1194 1138 fuerunt

391 1152 431 1183 E.
484 1152 550 1182 καὶ
578 1149 620 1182 τὸ
653 1150 893 1195 ξυνδικεῖν]
922 1151 1102 1192 ξυνδοκεῖν
1128 1153 1209 1183 Ald.
1230 1151 1332 1183 Bass.
1359 1151 1389 1185 1.
1407 1151 1438 1185 2.
1457 1151 1548 1183 Lov.
1576 1162 1652 1183 cum

303 1198 388 1230 Ven.
418 1197 456 1232 Ξ.

393 1240 581 1284 διαβολή
608 1251 668 1274 τις
694 1241 821 1286 κακή]
851 1241 1014 1286 διαβάλλῃ
1038 1244 1131 1283 Ang.
1160 1253 1193 1273 v.
1220 1242 1318 1276 Flor.
1340 1252 1371 1274 a.
1399 1248 1432 1272 et
1458 1247 1545 1274 teste
1561 1242 1652 1276 Bek-

301 1289 388 1320 kero
415 1287 587 1329 διαβάλλει
618 1299 660 1320 ex
693 1299 783 1321 corr.
816 1286 854 1323 Ω.
890 1291 948 1331 qui
976 1295 1090 1320 tamen
1119 1286 1263 1329 διαβολὴ
1291 1289 1565 1329 superscriptum
1591 1290 1652 1321 ha-

302 1336 370 1366 bet.
420 1335 512 1367 Hinc
539 1335 641 1366 Turr.
681 1334 851 1376 διαβάλλει
887 1344 936 1367 τιε-
970 1333 1054 1376 mim]
1085 1335 1128 1365 de
1165 1335 1364 1366 coniectura
1400 1333 1534 1368 Orellii.
1568 1335 1650 1366 Ald.

302 1381 384 1412 Bas.
412 1381 444 1414 1.
471 1381 502 1415 2,
528 1381 664 1412 Lovan.
697 1379 842 1422 διαβολή
868 1390 915 1413 τις
942 1380 1035 1424 καλή.
1064 1381 1255 1413 Hermann.
1276 1380 1319 1411 de
1345 1390 1407 1411 suo
1434 1381 1560 1411 edidit:
1586 1379 1650 1412 διέ-

301 1426 384 1467 βαλε
409 1432 443 1457 et
472 1426 576 1467 τέχνη.
626 1427 667 1457 In
693 1437 768 1469 sqq.
795 1426 915 1467 Steph.
943 1429 985 1459 de
1020 1428 1222 1458 coniectura
1248 1425 1410 1457 Cornarii
1446 1427 1570 1460 edidit:
1610 1424 1651 1468 ἢν

301 1473 436 1513 πρῶτον
462 1472 521 1511 μὲν
548 1470 599 1513 δή,
626 1474 748 1504 invitis
775 1474 966 1505 codicibus.
1016 1474 1140 1506 Astius
1169 1469 1188 1513 ἢ
1214 1472 1401 1504 delendum
1428 1473 1603 1504 censebat.

298 1609 332 1640 h.
356 1610 378 1640 1.
412 1605 577 1641 ἀνάδικας
606 1611 732 1649 κρίσις·
770 1608 803 1640 εἰ
834 1607 936 1640 ἑάλω-

301 1665 365 1687 σαν
389 1654 489 1697 ἥτοι
481 1655 548 1686 πάν
553 1664 604 1686 τες
619 1666 651 1686 οι
668 1663 836 1696 μαρτυρες
853 1661 933 1694 ψευ-

300 1699 448 1742 δομαριυ
452 1702 544 1743 ριιῦν,
563 1699 584 1743 ἢ
601 1697 830 1742 υπερημίοεις,
845 1699 933 1756 ε’κρί·

298 1757 374 1778 νετο
409 1745 551 1779 ἅνωθει
592 1743 610 1787 ἡ
647 1746 731 1788 δίκη
777 1743 842 1778 σι’-κ
881 1746 934 1778 ἐπὶ

295 1791 361 1824 πάν
366 1804 430 1824 των
450 1792 486 1824 δὲ
510 1793 574 1824 τῶν
592 1789 685 1833 α’γώι·
689 1804 738 1823 ων
748 1791 932 1847 ἐγίγνοντο

293 1835 448 1870 ἀνάδικοι
476 1839 512 1870 αι’
536 1840 672 1890 κρίσεις,
687 1835 765 1876 ἀλλ’,
782 1836 829 1870 ω’ᾰ·
848 1848 932 1880 φησι

299 1883 525 1925 Θεόφραστος
558 1883 593 1915 ἐν
631 1883 662 1925 ζ’
693 1883 842 1923 ΛΤόμωιῃ
881 1885 934 1916 ἐπὶ

293 1929 402 1973 μόνης
425 1932 539 1971 ξενιας
555 1931 609 1961 καὶ
631 1930 934 1972 ψευδομαρτυριῶν

294 1977 347 2008 καὶ
384 1977 529 2018 κλήρων.
589 1976 773 2008 Sti-natura
808 1978 932 2008 verbo—

291 2033 367 2055 rum
402 2025 521 2064 paullo
553 2023 756 2063 impeditior
785 2024 835 2054 sie
871 2033 932 2054 ex-

290 2069 480 2110 pedienda:
513 2065 656 2101 ὁπόσων
681 2064 708 2099 δ’
735 2066 786 2108 ἄν,
808 2067 930 2109 δοξάν-

292 2126 358 2145 των
383 2118 564 2156 μαρτυρεῖν
589 2113 718 2153 ψευδῆ,
752 2116 932 2156 μαρτυρίαι

292 2157 437 2192 ἁλῶσιν.
475 2172 503 2192 κ.
534 2173 556 2191 τ.
583 2161 608 2190 λ.
661 2161 744 2191 Mox
771 2159 857 2191 τινές
882 2162 931 2191 Α-

291 2208 401 2238 stius
444 2212 536 2239 recte
579 2216 654 2237 cum
696 2203 781 2247 ὑπὲρ
829 2203 931 2246 ἧιιισυ

289 2254 421 2292 iunxit,
447 2253 629 2285 circiter
654 2253 782 2293 plura
808 2252 929 2283 dimi-

290 2300 376 2332 dio.
414 2299 557 2331 Poterat
582 2299 684 2330 etiam
712 2299 799 2330 dici:
826 2294 928 2338 ν’περ-

292 2347 422 2385 ημίσεις
448 2345 545 2377 τινές.

336 2391 375 2422 Ι).
428 2390 604 2423 Πολλῶν
629 2388 673 2421 δὲ
700 2386 836 2420 ὄντων
862 2389 928 2420 καὶ

289 2437 429 2467 καλῶν
455 2437 513 2478 —J
551 2437 702 2477 Egregia
729 2442 808 2467 sunt
837 2445 926 2476 quae

287 2482 413 2513 dehinc
429 2489 551 2514 contra
565 2483 676 2514 maios
698 2481 924 2523 caussidicos,

285 2528 456 2568 leguleios
488 2535 593 2569 atque
630 2529 770 2560 rabulas
805 2528 918 2568 dispu-

285 2578 413 2605 tantur.
453 2576 556 2615 Apud
586 2575 820 2605 Athenienses
839 2584 922 2614 quo-

284 2629 360 2651 rnm
400 2621 562 2660 litigandi
597 2621 822 2661 cupiditatem
853 2629 923 2650 ma-

283 2666 411 2697 ximam
437 2666 545 2697 fuisse
571 2671 718 2704 constan
755 2671 920 2707 quantum

284 2716 398 2744 autem
417 2713 534 2744 damni
549 2712 746 2745 istiusmodi
761 2712 920 2744 homines

1006 1609 1057 1641 rei
1083 1619 1190 1650 quum
1215 1609 1373 1649 privatae
1395 1614 1467 1640 tum
1490 1610 1649 1650 publicae

1006 1656 1196 1695 importare
1221 1656 1417 1695 potuerint,
1458 1665 1556 1687 nemo
1583 1658 1649 1687 erit

1007 1702 1090 1742 quin
1122 1702 1199 1741 ipse
1232 1711 1296 1732 sua
1328 1707 1452 1742 sponte
1490 1703 1648 1734 animad-

1006 1752 1129 1778 vertat.
1170 1746 1224 1778 De
1249 1746 1401 1786 δικαιικῇ
1420 1748 1487 1779 ista
1505 1759 1536 1779 v.
1556 1747 1648 1779 The-

1004 1798 1070 1826 aet.
1114 1804 1145 1834 p.
1180 1792 1258 1825 175.
1296 1793 1339 1824 D.
1375 1793 1454 1827 201.
1499 1798 1532 1826 Α.
1569 1804 1647 1835 sqq.

1003 1838 1114 1879 Gorg.
1142 1849 1173 1878 p.
1201 1838 1279 1872 511.
1311 1838 1349 1869 C.
1377 1850 1452 1880 sqq.
1482 1839 1525 1870 D.
1559 1839 1644 1881 Rep.

1004 1885 1045 1916 ΙΙ.
1082 1895 1112 1924 p.
1141 1884 1219 1917 365.
1254 1884 1293 1917 C.
1328 1896 1401 1925 sqq.
1438 1885 1646 1926 Euthydem.

1002 1930 1119 1971 p.·289.
1138 1929 1183 1960 D.
1198 1929 1277 1963 305.
1297 1930 1336 1961 B.
1363 1931 1597 1963 Demosthe
1612 1942 1644 1963 ιι.

1001 1978 1043 2007 de
1072 1977 1146 2010 sals,
1176 1977 1280 2017 legat.
1303 1988 1334 2017 p.
1351 1976 1428 2011 417.
1456 1978 1509 2008 ed.
1526 1977 1644 2012 Reisk.

1048 2019 1146 2053 οἷον
1174 2024 1302 2063 κῆρες
1327 2021 1521 2064 ducalem]
1549 2024 1594 2055 Η.
1614 2033 1643 2056 e.

1001 2074 1212 2110 tanquam
1259 2070 1407 2110 pestis
1461 2079 1508 2101 ae
1554 2080 1645 2110 pei·-

1000 2115 1155 2146 nicies.
1211 2115 1434 2146 iliustrarunt
1475 2115 1542 2146 hoe
1585 2125 1643 2156 ge-

1000 2171 1064 2191 nus
1097 2161 1263 2201 loquendi
1300 2160 1556 2192 Valckenar.
1599 2162 1643 2192 ad

1001 2207 1180 2247 Hippoiyt.
1216 2217 1247 2246 p
1284 2205 1362 2240 283.
1401 2210 1434 2236 et
1479 2206 1643 2239 Iacobs

999 2252 1184 2283 Lectionn.
1215 2251 1312 2284 Stob.
1339 2263 1372 2292 p.
1400 2252 1456 2305 37.

1045 2297 1089 2331 E.
1146 2298 1281 2329 καλοῦ
1313 2296 1355 2329 δὲ
1387 2295 1513 2328 ὄντος
1546 2296 1641 2329 τού-

999 2344 1095 2384 του]
1114 2344 1179 2374 Int.
1199 2344 1256 2384 τῆς
1275 2342 1382 2385 δίκης,
1409 2345 1640 2381 iustitiae3

998 2401 1028 2421 v.
1055 2390 1100 2420 ad
1126 2388 1257 2422 Phileb.
1290 2401 1324 2430 p.
1352 2390 1406 2422 ⁸2³.
1445 2391 1488 2420 A.
1527 2390 1638 2431 Legg.

996 2435 1022 2466 1.
1051 2435 1129 2468 645.
1160 2437 1197 2467 1).
1230 2436 1275 2468 II.
1303 2435 1380 2470 (553.
1414 2437 1456 2468 A.
1483 2435 1561 2469 672.
1598 2436 1639 2467 E.

998 2481 1037 2511 V.
1065 2482 1141 2515 729.
1170 2482 1209 2513 B.
1235 2483 1278 2513 al.

1041 2527 1169 2558 ταῦτα
1206 2523 1285 2559 οὖν
1322 2527 1498 2559 τοιαῦτα
1533 2524 1640 2557 ὄντα

993 2571 1130 2614 διαβ.]
1159 2574 1275 2605 Locus
1301 2579 1505 2613 corruptus,
1532 2583 1637 2613 quem

992 2618 1200 2651 Orellius
1232 2621 1370 2651 videtur
1403 2623 1493 2650 recte
1519 2629 1635 2650 emen-

990 2665 1129 2697 davisse
1176 2667 1379 2698 scribendo:
1428 2662 1637 2703 διαβάλλει

991 2719 1038 2742 τις
1071 2710 1188 2752 κάκη,
1226 2713 1248 2744 i.
1275 2724 1303 2745 e.
1343 2712 1492 2743 nescio
1518 2721 1631 2751 qnae
