<?xml version="1.0" encoding="UTF-8"?>
<!DOCTYPE html PUBLIC "-//W3C//DTD XHTML 1.0 Transitional//EN"
    "http://www.w3.org/TR/xhtml1/DTD/xhtml1-transitional.dtd">
<html xmlns="http://www.w3.org/1999/xhtml" xml:lang="en" lang="en">
 <head>
  <title>
</title>
<meta http-equiv="Content-Type" content="text/html;charset=utf-8" />
  <meta name='ocr-system' content='tesseract 3.04.00' />
  <meta name='ocr-capabilities' content='ocr_page ocr_carea ocr_par ocr_line ocrx_word'/>
</head>
<body>
  <div class='ocr_page' id='page_1' title='image "./n3operaomniarecens10platuoft/n3operaomniarecens10platuoft_0380.png"; bbox 0 0 1781 2971; ppageno 0'>
   <div class='ocr_carea' id='block_1_1' title="bbox 210 712 248 754">
    <p class='ocr_par' dir='ltr' id='par_1_1' title="bbox 210 712 248 754">
     <span class='ocr_line' id='line_1_1' title="bbox 210 712 248 754; baseline 0 0"><span class='ocrx_word' id='word_1_1' title='bbox 210 712 248 754; x_wconf 84' lang='lat' dir='ltr'>B</span> 
     </span>
    </p>
   </div>
   <div class='ocr_carea' id='block_1_2' title="bbox 280 125 1150 169">
    <p class='ocr_par' dir='ltr' id='par_1_2' title="bbox 280 125 1150 169">
     <span class='ocr_line' id='line_1_2' title="bbox 280 125 1150 169; baseline 0.003 -3"><span class='ocrx_word' id='word_1_2' title='bbox 280 125 362 167; x_wconf 82' lang='lat'><em>376</em></span> <span class='ocrx_word' id='word_1_3' title='bbox 769 125 1150 169; x_wconf 84' lang='lat' dir='ltr'>PLATONIS</span> 
     </span>
    </p>
   </div>
   <div class='ocr_carea' id='block_1_3' title="bbox 277 241 1644 1170">
    <p class='ocr_par' dir='ltr' id='par_1_3' title="bbox 277 241 1644 1170">
     <span class='ocr_line' id='line_1_3' title="bbox 280 241 1638 301; baseline 0.003 -16"><span class='ocrx_word' id='word_1_4' title='bbox 280 242 384 292; x_wconf 78' lang='grc' dir='ltr'><em>τοὺς</em></span> <span class='ocrx_word' id='word_1_5' title='bbox 419 248 562 292; x_wconf 79' lang='grc' dir='ltr'><em>νέους,</em></span> <span class='ocrx_word' id='word_1_6' title='bbox 608 241 677 286; x_wconf 84' lang='grc' dir='ltr'><em>ὅτι</em></span> <span class='ocrx_word' id='word_1_7' title='bbox 715 243 917 298; x_wconf 63' lang='grc' dir='ltr'><em>δεύτερα</em></span> <span class='ocrx_word' id='word_1_8' title='bbox 941 243 993 286; x_wconf 82' lang='grc' dir='ltr'><em>τὰ</em></span> <span class='ocrx_word' id='word_1_9' title='bbox 1033 245 1120 286; x_wconf 85' lang='grc' dir='ltr'><em>τῶν</em></span> <span class='ocrx_word' id='word_1_10' title='bbox 1155 241 1302 285; x_wconf 81' lang='grc' dir='ltr'><em>ἄλλων</em></span> <span class='ocrx_word' id='word_1_11' title='bbox 1338 247 1425 286; x_wconf 75' lang='grc' dir='ltr'><em>ἐστὶ</em></span> <span class='ocrx_word' id='word_1_12' title='bbox 1471 245 1638 301; x_wconf 85' lang='grc' dir='ltr'><em>νόμιμα</em></span> 
     </span>
     <span class='ocr_line' id='line_1_4' title="bbox 283 308 1639 367; baseline 0.003 -16"><span class='ocrx_word' id='word_1_13' title='bbox 283 308 338 351; x_wconf 80' lang='grc' dir='ltr'><em>τὰ</em></span> <span class='ocrx_word' id='word_1_14' title='bbox 380 312 477 365; x_wconf 80' lang='grc' dir='ltr'><em>περὶ</em></span> <span class='ocrx_word' id='word_1_15' title='bbox 510 308 592 360; x_wconf 79' lang='grc' dir='ltr'><em>τὰς</em></span> <span class='ocrx_word' id='word_1_16' title='bbox 628 313 864 361; x_wconf 83' lang='grc' dir='ltr'><em>πολιτείας.</em></span> <span class='ocrx_word' id='word_1_17' title='bbox 902 309 1105 365; x_wconf 70' lang='grc' dir='ltr'><em>θεωροὺς</em></span> <span class='ocrx_word' id='word_1_18' title='bbox 1133 312 1176 353; x_wconf 80' lang='grc' dir='ltr'><em>δὲ</em></span> <span class='ocrx_word' id='word_1_19' title='bbox 1207 308 1372 360; x_wconf 82' lang='grc' dir='ltr'><em>ἄλλους</em></span> <span class='ocrx_word' id='word_1_20' title='bbox 1410 317 1639 367; x_wconf 72' lang='grc' dir='ltr'><strong><em>ἐκπέμπειν</em></strong></span> 
     </span>
     <span class='ocr_line' id='line_1_5' title="bbox 277 374 1638 435; baseline 0.001 -16"><span class='ocrx_word' id='word_1_21' title='bbox 277 374 419 432; x_wconf 76' lang='grc' dir='ltr'><em>χρεών</em></span> <span class='ocrx_word' id='word_1_22' title='bbox 457 376 651 427; x_wconf 83' lang='grc' dir='ltr'><em>τοιούςδε</em></span> <span class='ocrx_word' id='word_1_23' title='bbox 684 375 810 427; x_wconf 85' lang='grc' dir='ltr'><em>τινὰς</em></span> <span class='ocrx_word' id='word_1_24' title='bbox 846 375 952 426; x_wconf 81' lang='grc' dir='ltr'><em>τοὺς</em></span> <span class='ocrx_word' id='word_1_25' title='bbox 995 376 1313 435; x_wconf 57' lang='grc' dir='ltr'><em>νομοφύλακας</em></span> <span class='ocrx_word' id='word_1_26' title='bbox 1345 387 1638 432; x_wconf 75' lang='grc' dir='ltr'><em>παρεμένους·</em></span> 
     </span>
     <span class='ocr_line' id='line_1_6' title="bbox 281 442 1642 499; baseline 0.003 -13"><span class='ocrx_word' id='word_1_27' title='bbox 281 442 341 486; x_wconf 80' lang='grc' dir='ltr'><em>ἄν</em></span> <span class='ocrx_word' id='word_1_28' title='bbox 377 459 490 493; x_wconf 88' lang='grc' dir='ltr'><em>τινες</em></span> <span class='ocrx_word' id='word_1_29' title='bbox 523 446 776 499; x_wconf 69' lang='grc' dir='ltr'><em>ἐπιθυμῶσι</em></span> <span class='ocrx_word' id='word_1_30' title='bbox 816 446 902 486; x_wconf 81' lang='grc' dir='ltr'><em>τῶν</em></span> <span class='ocrx_word' id='word_1_31' title='bbox 938 446 1132 488; x_wconf 80' lang='grc' dir='ltr'><em>πολιτῶν</em></span> <span class='ocrx_word' id='word_1_32' title='bbox 1171 444 1224 486; x_wconf 80' lang='grc' dir='ltr'><em>τοι</em></span> <span class='ocrx_word' id='word_1_33' title='bbox 1257 445 1342 486; x_wconf 82' lang='grc' dir='ltr'><em>τῶν</em></span> <span class='ocrx_word' id='word_1_34' title='bbox 1379 444 1525 487; x_wconf 80' lang='grc' dir='ltr'><em>ἄλλων</em></span> <span class='ocrx_word' id='word_1_35' title='bbox 1560 445 1642 490; x_wconf 83' lang='grc' dir='ltr'><em>ἀν-</em></span> 
     </span>
     <span class='ocr_line' id='line_1_7' title="bbox 285 509 1641 567; baseline 0.003 -15"><span class='ocrx_word' id='word_1_36' title='bbox 285 510 488 566; x_wconf 75' lang='grc' dir='ltr'><em>θρώπων</em></span> <span class='ocrx_word' id='word_1_37' title='bbox 530 510 772 565; x_wconf 77' lang='grc' dir='ltr'><em>πράγματα</em></span> <span class='ocrx_word' id='word_1_38' title='bbox 815 512 1043 565; x_wconf 76' lang='grc' dir='ltr'><em>θεωρῆσαι</em></span> <span class='ocrx_word' id='word_1_39' title='bbox 1080 509 1196 553; x_wconf 75' lang='grc' dir='ltr'><em>κατα</em></span> <span class='ocrx_word' id='word_1_40' title='bbox 1235 527 1334 553; x_wconf 84' lang='grc' dir='ltr'><em>τινα</em></span> <span class='ocrx_word' id='word_1_41' title='bbox 1376 513 1504 553; x_wconf 75' lang='grc' dir='ltr'><em>πλείω</em></span> <span class='ocrx_word' id='word_1_42' title='bbox 1540 528 1641 567; x_wconf 67' lang='lat' dir='ltr'><em>oxo-</em></span> 
     </span>
     <span class='ocr_line' id='line_1_8' title="bbox 284 575 1642 633; baseline 0.001 -12"><span class='ocrx_word' id='word_1_43' title='bbox 284 576 382 632; x_wconf 79' lang='grc' dir='ltr'><em>λήν,</em></span> <span class='ocrx_word' id='word_1_44' title='bbox 419 575 658 633; x_wconf 74' lang='grc' dir='ltr'><em>ἀπειργέτω</em></span> <span class='ocrx_word' id='word_1_45' title='bbox 693 579 843 631; x_wconf 76' lang='grc' dir='ltr'><em>μηδεὶς</em></span> <span class='ocrx_word' id='word_1_46' title='bbox 879 577 1065 627; x_wconf 80' lang='grc' dir='ltr'><em>τούτους</em></span> <span class='ocrx_word' id='word_1_47' title='bbox 1089 577 1239 631; x_wconf 88' lang='grc' dir='ltr'><em>νόμος.</em></span> <span class='ocrx_word' id='word_1_48' title='bbox 1277 576 1378 621; x_wconf 78' lang='grc' dir='ltr'><em>οὕτε</em></span> <span class='ocrx_word' id='word_1_49' title='bbox 1409 577 1494 632; x_wconf 73' lang='grc' dir='ltr'><em>γάρ</em></span> <span class='ocrx_word' id='word_1_50' title='bbox 1519 578 1642 622; x_wconf 83' lang='grc' dir='ltr'><em>ἄπει·</em></span> 
     </span>
     <span class='ocr_line' id='line_1_9' title="bbox 287 637 1642 700; baseline 0 -12"><span class='ocrx_word' id='word_1_51' title='bbox 287 661 366 700; x_wconf 83' lang='grc' dir='ltr'><em>ρος</em></span> <span class='ocrx_word' id='word_1_52' title='bbox 401 637 513 688; x_wconf 81' lang='grc' dir='ltr'><em>οὖσα</em></span> <span class='ocrx_word' id='word_1_53' title='bbox 553 644 678 694; x_wconf 83' lang='grc' dir='ltr'><em>πόλις</em></span> <span class='ocrx_word' id='word_1_54' title='bbox 723 643 985 699; x_wconf 72' lang='grc' dir='ltr'><em>ἀνθρώπων</em></span> <span class='ocrx_word' id='word_1_55' title='bbox 1036 646 1182 687; x_wconf 77' lang='grc' dir='ltr'><em>κακῶν</em></span> <span class='ocrx_word' id='word_1_56' title='bbox 1214 647 1285 686; x_wconf 85' lang='grc' dir='ltr'><em>καὶ</em></span> <span class='ocrx_word' id='word_1_57' title='bbox 1334 644 1532 697; x_wconf 69' lang='grc' dir='ltr'><em>ἀγαθῶν</em></span> <span class='ocrx_word' id='word_1_58' title='bbox 1568 646 1642 688; x_wconf 77' lang='grc' dir='ltr'><em>δύ·</em></span> 
     </span>
     <span class='ocr_line' id='line_1_10' title="bbox 287 705 1644 768; baseline -0.001 -13"><span class='ocrx_word' id='word_1_59' title='bbox 287 710 402 755; x_wconf 86' lang='grc' dir='ltr'><em>ναιτ’</em></span> <span class='ocrx_word' id='word_1_60' title='bbox 455 709 514 753; x_wconf 80' lang='grc' dir='ltr'><em>ἄν</em></span> <span class='ocrx_word' id='word_1_61' title='bbox 564 728 692 762; x_wconf 83' lang='grc' dir='ltr'><em>ποτε,</em></span> <span class='ocrx_word' id='word_1_62' title='bbox 746 710 1017 765; x_wconf 80' lang='grc' dir='ltr'><em>ἀνομίλητος</em></span> <span class='ocrx_word' id='word_1_63' title='bbox 1072 705 1205 761; x_wconf 81' lang='grc' dir='ltr'><em>οὖσα,</em></span> <span class='ocrx_word' id='word_1_64' title='bbox 1249 709 1424 768; x_wconf 76' lang='grc' dir='ltr'><em>’ἥμερος</em></span> <span class='ocrx_word' id='word_1_65' title='bbox 1483 714 1644 763; x_wconf 83' lang='grc' dir='ltr'><em>ἱκανῶς</em></span> 
     </span>
     <span class='ocr_line' id='line_1_11' title="bbox 286 771 1642 835; baseline -0.001 -13"><span class='ocrx_word' id='word_1_66' title='bbox 286 776 399 822; x_wconf 82' lang='grc' dir='ltr'><em>εἶναι</em></span> <span class='ocrx_word' id='word_1_67' title='bbox 434 780 507 821; x_wconf 80' lang='grc' dir='ltr'><em>καὶ</em></span> <span class='ocrx_word' id='word_1_68' title='bbox 545 780 698 828; x_wconf 78' lang='grc' dir='ltr'><em>τέλεος,</em></span> <span class='ocrx_word' id='word_1_69' title='bbox 736 777 831 820; x_wconf 82' lang='grc' dir='ltr'><em>οὐδ’</em></span> <span class='ocrx_word' id='word_1_70' title='bbox 874 771 932 820; x_wconf 77' lang='grc' dir='ltr'><em>αἶ]</em></span> <span class='ocrx_word' id='word_1_71' title='bbox 970 776 1075 828; x_wconf 83' lang='grc' dir='ltr'><em>τοὺς</em></span> <span class='ocrx_word' id='word_1_72' title='bbox 1123 777 1289 832; x_wconf 85' lang='grc' dir='ltr'><em>νόμους</em></span> <span class='ocrx_word' id='word_1_73' title='bbox 1326 777 1642 835; x_wconf 73' lang='grc' dir='ltr'><em>διαφυλάττειν</em></span> 
     </span>
     <span class='ocr_line' id='line_1_12' title="bbox 286 843 1641 904; baseline 0.001 -16"><span class='ocrx_word' id='word_1_74' title='bbox 286 845 395 889; x_wconf 79' lang='grc' dir='ltr'><em>ἄνευ</em></span> <span class='ocrx_word' id='word_1_75' title='bbox 419 847 499 888; x_wconf 89' lang='grc' dir='ltr'><em>τοῦ</em></span> <span class='ocrx_word' id='word_1_76' title='bbox 530 844 679 904; x_wconf 77' lang='grc' dir='ltr'><em>γνώμῃ</em></span> <span class='ocrx_word' id='word_1_77' title='bbox 717 846 868 899; x_wconf 80' lang='grc' dir='ltr'><em>λαβεῖν</em></span> <span class='ocrx_word' id='word_1_78' title='bbox 904 845 1084 896; x_wconf 77' lang='grc' dir='ltr'><em>αὐτούς,</em></span> <span class='ocrx_word' id='word_1_79' title='bbox 1119 843 1234 886; x_wconf 76' lang='grc' dir='ltr'><em>ἀλλὰ</em></span> <span class='ocrx_word' id='word_1_80' title='bbox 1265 844 1325 898; x_wconf 75' lang='grc' dir='ltr'><em>μὴ</em></span> <span class='ocrx_word' id='word_1_81' title='bbox 1361 846 1504 901; x_wconf 86' lang='grc' dir='ltr'><em>μόνον</em></span> <span class='ocrx_word' id='word_1_82' title='bbox 1530 844 1641 898; x_wconf 77' lang='grc' dir='ltr'><em>ἤθε-</em></span> 
     </span>
     <span class='ocr_line' id='line_1_13' title="bbox 287 909 1644 966; baseline 0 -10"><span class='ocrx_word' id='word_1_83' title='bbox 287 929 373 957; x_wconf 85' lang='grc' dir='ltr'><em>σιν.</em></span> <span class='ocrx_word' id='word_1_84' title='bbox 411 915 490 955; x_wconf 77' lang='grc' dir='ltr'><em>εἶσι</em></span> <span class='ocrx_word' id='word_1_85' title='bbox 535 911 621 966; x_wconf 77' lang='grc' dir='ltr'><em>γάρ</em></span> <span class='ocrx_word' id='word_1_86' title='bbox 658 917 703 954; x_wconf 78' lang='grc' dir='ltr'><em>ὲν</em></span> <span class='ocrx_word' id='word_1_87' title='bbox 751 920 844 961; x_wconf 80' lang='grc' dir='ltr'><em>τοῖς</em></span> <span class='ocrx_word' id='word_1_88' title='bbox 888 914 1068 961; x_wconf 81' lang='grc' dir='ltr'><em>πολλοῖς</em></span> <span class='ocrx_word' id='word_1_89' title='bbox 1116 909 1360 966; x_wconf 69' lang='grc' dir='ltr'><em>ἄνθρωποι</em></span> <span class='ocrx_word' id='word_1_90' title='bbox 1403 911 1474 954; x_wconf 72' lang='grc' dir='ltr'><em>ἀεὶ</em></span> <span class='ocrx_word' id='word_1_91' title='bbox 1521 915 1644 956; x_wconf 75' lang='grc' dir='ltr'><em>θεῖοί</em></span> 
     </span>
     <span class='ocr_line' id='line_1_14' title="bbox 288 977 1643 1037; baseline -0.001 -14"><span class='ocrx_word' id='word_1_92' title='bbox 288 996 412 1029; x_wconf 85' lang='grc' dir='ltr'><em>τινες,</em></span> <span class='ocrx_word' id='word_1_93' title='bbox 451 978 503 1022; x_wconf 82' lang='grc' dir='ltr'><em>ού</em></span> <span class='ocrx_word' id='word_1_94' title='bbox 529 981 698 1028; x_wconf 78' lang='grc' dir='ltr'><em>πολλοί,</em></span> <span class='ocrx_word' id='word_1_95' title='bbox 736 977 904 1029; x_wconf 85' lang='grc' dir='ltr'><em>παντὸς</em></span> <span class='ocrx_word' id='word_1_96' title='bbox 936 977 973 1020; x_wconf 81' lang='grc' dir='ltr'><em>δ’</em></span> <span class='ocrx_word' id='word_1_97' title='bbox 1015 977 1132 1030; x_wconf 78' lang='grc' dir='ltr'><em>ἄξιοι</em></span> <span class='ocrx_word' id='word_1_98' title='bbox 1167 978 1497 1033; x_wconf 72' lang='grc' dir='ltr'><em>ξυγγίγνεσθαι,</em></span> <span class='ocrx_word' id='word_1_99' title='bbox 1531 978 1643 1037; x_wconf 75' lang='grc' dir='ltr'>ᾳυό-</span> 
     </span>
     <span class='ocr_line' id='line_1_15' title="bbox 286 1043 1642 1101; baseline -0.001 -11"><span class='ocrx_word' id='word_1_100' title='bbox 286 1064 411 1101; x_wconf 80' lang='grc' dir='ltr'><em>μενοι</em></span> <span class='ocrx_word' id='word_1_101' title='bbox 450 1045 580 1088; x_wconf 77' lang='grc' dir='ltr'><em>οὐδὲν</em></span> <span class='ocrx_word' id='word_1_102' title='bbox 614 1047 787 1099; x_wconf 83' lang='grc' dir='ltr'><em>μᾶλλον</em></span> <span class='ocrx_word' id='word_1_103' title='bbox 824 1051 870 1087; x_wconf 84' lang='grc' dir='ltr'><em>ὲν</em></span> <span class='ocrx_word' id='word_1_104' title='bbox 905 1044 1248 1099; x_wconf 77' lang='grc' dir='ltr'><em>εὐνομουμέναις</em></span> <span class='ocrx_word' id='word_1_105' title='bbox 1295 1043 1473 1088; x_wconf 82' lang='grc' dir='ltr'><em>πόλεσιν</em></span> <span class='ocrx_word' id='word_1_106' title='bbox 1510 1044 1534 1098; x_wconf 78' lang='grc' dir='ltr'><em>ἢ</em></span> <span class='ocrx_word' id='word_1_107' title='bbox 1571 1065 1642 1088; x_wconf 89' lang='grc' dir='ltr'><em>και</em></span> 
     </span>
     <span class='ocr_line' id='line_1_16' title="bbox 287 1107 1640 1170; baseline 0.001 -16"><span class='ocrx_word' id='word_1_108' title='bbox 287 1113 365 1170; x_wconf 82' lang='grc' dir='ltr'><em>μή,</em></span> <span class='ocrx_word' id='word_1_109' title='bbox 418 1107 480 1154; x_wconf 78' lang='grc' dir='ltr'><em>ὧν</em></span> <span class='ocrx_word' id='word_1_110' title='bbox 515 1111 612 1154; x_wconf 82' lang='grc' dir='ltr'><em>κατ’</em></span> <span class='ocrx_word' id='word_1_111' title='bbox 656 1112 775 1167; x_wconf 75' lang='grc' dir='ltr'><em>ἴχνος</em></span> <span class='ocrx_word' id='word_1_112' title='bbox 811 1111 879 1155; x_wconf 78' lang='grc' dir='ltr'><em>ἀει</em></span> <span class='ocrx_word' id='word_1_113' title='bbox 913 1111 996 1168; x_wconf 84' lang='grc' dir='ltr'><em>χοὴ</em></span> <span class='ocrx_word' id='word_1_114' title='bbox 1035 1112 1116 1156; x_wconf 80' lang='grc' dir='ltr'><em>τὸν</em></span> <span class='ocrx_word' id='word_1_115' title='bbox 1151 1118 1197 1155; x_wconf 83' lang='grc' dir='ltr'><em>ὲν</em></span> <span class='ocrx_word' id='word_1_116' title='bbox 1235 1120 1330 1163; x_wconf 84' lang='grc' dir='ltr'><em>ταῖς</em></span> <span class='ocrx_word' id='word_1_117' title='bbox 1371 1111 1640 1168; x_wconf 70' lang='grc' dir='ltr'><em>εὐνομουμέ-</em></span> 
     </span>
    </p>
   </div>
   <div class='ocr_carea' id='block_1_4' title="bbox 216 1177 1643 1230">
    <p class='ocr_par' dir='ltr' id='par_1_4' title="bbox 216 1177 1643 1230">
     <span class='ocr_line' id='line_1_17' title="bbox 216 1177 1643 1230; baseline 0.002 -10"><span class='ocrx_word' id='word_1_118' title='bbox 216 1178 254 1220; x_wconf 87' lang='lat' dir='ltr'>C</span> <span class='ocrx_word' id='word_1_119' title='bbox 285 1199 382 1230; x_wconf 86' lang='grc' dir='ltr'><em>ναις</em></span> <span class='ocrx_word' id='word_1_120' title='bbox 423 1178 598 1222; x_wconf 80' lang='grc' dir='ltr'><em>πόλεσιν</em></span> <span class='ocrx_word' id='word_1_121' title='bbox 634 1181 868 1227; x_wconf 73' lang='grc' dir='ltr'><em>οἰκοῦντα,</em></span> <span class='ocrx_word' id='word_1_122' title='bbox 915 1178 1085 1230; x_wconf 76' lang='grc' dir='ltr'><em>ἐξιόντα</em></span> <span class='ocrx_word' id='word_1_123' title='bbox 1123 1177 1237 1221; x_wconf 75' lang='grc' dir='ltr'><em>κατὰ</em></span> <span class='ocrx_word' id='word_1_124' title='bbox 1285 1181 1528 1222; x_wconf 73' lang='grc' dir='ltr'><em>θάλατταν</em></span> <span class='ocrx_word' id='word_1_125' title='bbox 1572 1185 1643 1224; x_wconf 70' lang='grc' dir='ltr'><em>καὶ</em></span> 
     </span>
    </p>
   </div>
   <div class='ocr_carea' id='block_1_5' title="bbox 287 1238 1642 1374">
    <p class='ocr_par' dir='ltr' id='par_1_5' title="bbox 287 1238 1642 1374">
     <span class='ocr_line' id='line_1_18' title="bbox 287 1238 1642 1306; baseline -0.001 -15"><span class='ocrx_word' id='word_1_126' title='bbox 287 1252 393 1305; x_wconf 76' lang='grc' dir='ltr'><em>γῆν,</em></span> <span class='ocrx_word' id='word_1_127' title='bbox 441 1249 582 1300; x_wconf 81' lang='grc' dir='ltr'><em>ζητεῖν</em></span> <span class='ocrx_word' id='word_1_128' title='bbox 630 1243 679 1295; x_wconf 81' lang='grc' dir='ltr'><em>ὃς</em></span> <span class='ocrx_word' id='word_1_129' title='bbox 715 1243 770 1287; x_wconf 73' lang='grc' dir='ltr'><em>ὀὲν</em></span> <span class='ocrx_word' id='word_1_130' title='bbox 820 1245 1150 1304; x_wconf 72' lang='grc' dir='ltr'><em>ἀδιάφθαρτος</em></span> <span class='ocrx_word' id='word_1_131' title='bbox 1186 1238 1224 1306; x_wconf 71' lang='grc' dir='ltr'><em>ᾗ,</em></span> <span class='ocrx_word' id='word_1_132' title='bbox 1263 1245 1316 1288; x_wconf 77' lang='grc' dir='ltr'><em>τοὶ</em></span> <span class='ocrx_word' id='word_1_133' title='bbox 1367 1248 1446 1299; x_wconf 79' lang='grc' dir='ltr'><em>μὲν</em></span> <span class='ocrx_word' id='word_1_134' title='bbox 1494 1249 1642 1303; x_wconf 80' lang='grc' dir='ltr'><em>βεβαι-</em></span> 
     </span>
     <span class='ocr_line' id='line_1_19' title="bbox 288 1311 1640 1374; baseline -0.002 -15"><span class='ocrx_word' id='word_1_135' title='bbox 288 1316 481 1374; x_wconf 80' lang='grc' dir='ltr'><em>ούμενον</em></span> <span class='ocrx_word' id='word_1_136' title='bbox 519 1315 605 1356; x_wconf 78' lang='grc' dir='ltr'><em>τῶν</em></span> <span class='ocrx_word' id='word_1_137' title='bbox 642 1315 861 1368; x_wconf 80' lang='grc' dir='ltr'><em>νομίμων,</em></span> <span class='ocrx_word' id='word_1_138' title='bbox 898 1311 979 1356; x_wconf 85' lang='grc' dir='ltr'><em>ὅσα</em></span> <span class='ocrx_word' id='word_1_139' title='bbox 1018 1315 1161 1363; x_wconf 80' lang='grc' dir='ltr'><em>καλῶς</em></span> <span class='ocrx_word' id='word_1_140' title='bbox 1196 1313 1350 1363; x_wconf 80' lang='grc' dir='ltr'><em>αὐτοῖς</em></span> <span class='ocrx_word' id='word_1_141' title='bbox 1389 1322 1549 1363; x_wconf 81' lang='grc' dir='ltr'><em>κεῖται,</em></span> <span class='ocrx_word' id='word_1_142' title='bbox 1588 1314 1640 1356; x_wconf 78' lang='grc' dir='ltr'><em>τὰ</em></span> 
     </span>
    </p>
   </div>
   <div class='ocr_carea' id='block_1_6' title="bbox 293 1465 1644 1688">
    <p class='ocr_par' dir='ltr' id='par_1_6' title="bbox 386 1465 1642 1510">
     <span class='ocr_line' id='line_1_20' title="bbox 386 1465 1642 1510; baseline 0.002 -11"><span class='ocrx_word' id='word_1_143' title='bbox 386 1472 424 1503; x_wconf 82' lang='grc' dir='ltr'><em>Ρ,</em></span> <span class='ocrx_word' id='word_1_144' title='bbox 448 1469 528 1504; x_wconf 83' lang='grc'><strong>951.</strong></span> <span class='ocrx_word' id='word_1_145' title='bbox 577 1465 629 1500; x_wconf 82' lang='grc' dir='ltr'><em>ἄν</em></span> <span class='ocrx_word' id='word_1_146' title='bbox 655 1476 775 1500; x_wconf 74' lang='grc' dir='ltr'><em>τινες</em></span> <span class='ocrx_word' id='word_1_147' title='bbox 811 1467 1009 1510; x_wconf 78' lang='grc' dir='ltr'><em>ἑπιθυμ]</em></span> <span class='ocrx_word' id='word_1_148' title='bbox 1036 1466 1057 1500; x_wconf 81' lang='grc' dir='ltr'><em>ἃ</em></span> <span class='ocrx_word' id='word_1_149' title='bbox 1083 1469 1125 1500; x_wconf 90' lang='lat' dir='ltr'><em>A.</em></span> <span class='ocrx_word' id='word_1_150' title='bbox 1153 1473 1186 1500; x_wconf 89' lang='lat' dir='ltr'><em>et</em></span> <span class='ocrx_word' id='word_1_151' title='bbox 1211 1479 1262 1510; x_wconf 88' lang='lat' dir='ltr'><em>pr.</em></span> <span class='ocrx_word' id='word_1_152' title='bbox 1295 1467 1332 1500; x_wconf 80' lang='grc' dir='ltr'><em>Ω.</em></span> <span class='ocrx_word' id='word_1_153' title='bbox 1357 1467 1572 1508; x_wconf 79' lang='grc' dir='ltr'><em>ἐπιθυμοῦσι</em></span> <span class='ocrx_word' id='word_1_154' title='bbox 1599 1472 1642 1502; x_wconf 85' lang='grc' dir='ltr'><em>Α.</em></span> 
     </span>
    </p>

    <p class='ocr_par' dir='ltr' id='par_1_7' title="bbox 382 1512 1473 1558">
     <span class='ocr_line' id='line_1_21' title="bbox 382 1512 1473 1558; baseline -0.001 -9"><span class='ocrx_word' id='word_1_155' title='bbox 382 1512 618 1558; x_wconf 75' lang='grc' dir='ltr'><em>ἀπειργέτω</em></span> <span class='ocrx_word' id='word_1_156' title='bbox 650 1513 821 1558; x_wconf 71' lang='grc' dir='ltr'><em>μηδεὶς]</em></span> <span class='ocrx_word' id='word_1_157' title='bbox 849 1513 886 1546; x_wconf 82' lang='grc' dir='ltr'><em>δὲ</em></span> <span class='ocrx_word' id='word_1_158' title='bbox 911 1516 1064 1547; x_wconf 85' lang='lat' dir='ltr'>inculcat</span> <span class='ocrx_word' id='word_1_159' title='bbox 1088 1519 1168 1546; x_wconf 82' lang='lat' dir='ltr'><strong>ante</strong></span> <span class='ocrx_word' id='word_1_160' title='bbox 1192 1513 1308 1555; x_wconf 72' lang='grc' dir='ltr'><em>μηδεις</em></span> <span class='ocrx_word' id='word_1_161' title='bbox 1335 1518 1378 1546; x_wconf 89' lang='lat' dir='ltr'><em>A.</em></span> <span class='ocrx_word' id='word_1_162' title='bbox 1404 1526 1473 1548; x_wconf 81' lang='lat' dir='ltr'><strong>ree.</strong></span> 
     </span>
    </p>

    <p class='ocr_par' dir='ltr' id='par_1_8' title="bbox 382 1558 1248 1604">
     <span class='ocr_line' id='line_1_22' title="bbox 382 1558 1248 1604; baseline -0.004 -10"><span class='ocrx_word' id='word_1_163' title='bbox 382 1563 424 1595; x_wconf 88' lang='grc' dir='ltr'><em>Β.</em></span> <span class='ocrx_word' id='word_1_164' title='bbox 474 1559 616 1604; x_wconf 81' lang='grc' dir='ltr'><em>γνώμῃ</em></span> <span class='ocrx_word' id='word_1_165' title='bbox 643 1559 808 1602; x_wconf 78' lang='grc' dir='ltr'><em>λαβεῖν]</em></span> <span class='ocrx_word' id='word_1_166' title='bbox 836 1559 973 1603; x_wconf 72' lang='grc' dir='ltr'><em>γνώμην</em></span> <span class='ocrx_word' id='word_1_167' title='bbox 999 1563 1042 1592; x_wconf 88' lang='grc' dir='ltr'><em>Α.</em></span> <span class='ocrx_word' id='word_1_168' title='bbox 1067 1566 1102 1592; x_wconf 89' lang='lat' dir='ltr'><em>et</em></span> <span class='ocrx_word' id='word_1_169' title='bbox 1126 1571 1178 1601; x_wconf 90' lang='lat' dir='ltr'><em>pr.</em></span> <span class='ocrx_word' id='word_1_170' title='bbox 1210 1558 1248 1592; x_wconf 79' lang='grc' dir='ltr'><em>Ω.</em></span> 
     </span>
    </p>

    <p class='ocr_par' dir='ltr' id='par_1_9' title="bbox 293 1603 1644 1688">
     <span class='ocr_line' id='line_1_23' title="bbox 383 1603 1644 1649; baseline 0.001 -10"><span class='ocrx_word' id='word_1_171' title='bbox 383 1606 432 1649; x_wconf 85' lang='grc' dir='ltr'><em>μὴ</em></span> <span class='ocrx_word' id='word_1_172' title='bbox 459 1605 596 1648; x_wconf 83' lang='grc' dir='ltr'><em>μόνον</em></span> <span class='ocrx_word' id='word_1_173' title='bbox 628 1603 806 1647; x_wconf 77' lang='grc' dir='ltr'><em>ἤθεσιν]</em></span> <span class='ocrx_word' id='word_1_174' title='bbox 844 1607 963 1638; x_wconf 76' lang='grc' dir='ltr'><em>ἑθεσιν</em></span> <span class='ocrx_word' id='word_1_175' title='bbox 990 1607 1064 1639; x_wconf 78' lang='lat' dir='ltr'><em>Vat.</em></span> <span class='ocrx_word' id='word_1_176' title='bbox 1093 1617 1120 1638; x_wconf 84' lang='lat' dir='ltr'><em>r.</em></span> <span class='ocrx_word' id='word_1_177' title='bbox 1147 1612 1193 1638; x_wconf 91' lang='lat' dir='ltr'><em>et</em></span> <span class='ocrx_word' id='word_1_178' title='bbox 1205 1617 1295 1641; x_wconf 85' lang='lat' dir='ltr'><strong>corr.</strong></span> <span class='ocrx_word' id='word_1_179' title='bbox 1326 1604 1364 1639; x_wconf 78' lang='grc' dir='ltr'><em>Ω.</em></span> <span class='ocrx_word' id='word_1_180' title='bbox 1395 1604 1424 1638; x_wconf 91' lang='lat'><em>3.</em></span> <span class='ocrx_word' id='word_1_181' title='bbox 1452 1608 1546 1648; x_wconf 85' lang='lat' dir='ltr'><strong>quod</strong></span> <span class='ocrx_word' id='word_1_182' title='bbox 1572 1609 1644 1649; x_wconf 88' lang='lat' dir='ltr'><strong>pla-</strong></span> 
     </span>
     <span class='ocr_line' id='line_1_24' title="bbox 293 1653 946 1688; baseline -0.006 0"><span class='ocrx_word' id='word_1_183' title='bbox 293 1657 364 1688; x_wconf 88' lang='lat' dir='ltr'><strong>cuit</strong></span> <span class='ocrx_word' id='word_1_184' title='bbox 389 1653 644 1686; x_wconf 78' lang='lat' dir='ltr'><strong>&#39;suriceusibus</strong></span> <span class='ocrx_word' id='word_1_185' title='bbox 671 1658 704 1684; x_wconf 89' lang='lat' dir='ltr'><em>et</em></span> <span class='ocrx_word' id='word_1_186' title='bbox 729 1653 946 1685; x_wconf 79' lang='lat' dir='ltr'>Hermanno.</span> 
     </span>
    </p>
   </div>
   <div class='ocr_carea' id='block_1_7' title="bbox 291 1787 934 2752">
    <p class='ocr_par' dir='ltr' id='par_1_10' title="bbox 291 1787 934 2752">
     <span class='ocr_line' id='line_1_25' title="bbox 351 1787 930 1831; baseline -0.005 -8"><span class='ocrx_word' id='word_1_187' title='bbox 351 1787 558 1831; x_wconf 71' lang='grc' dir='ltr'><em>θεωροὺς</em></span> <span class='ocrx_word' id='word_1_188' title='bbox 598 1788 640 1819; x_wconf 87' lang='grc' dir='ltr'><em>δὲ</em></span> <span class='ocrx_word' id='word_1_189' title='bbox 675 1787 832 1821; x_wconf 71' lang='grc' dir='ltr'><em>ἄλλους</em></span> <span class='ocrx_word' id='word_1_190' title='bbox 872 1788 930 1820; x_wconf 82' lang='grc' dir='ltr'><em>ἐκ·</em></span> 
     </span>
     <span class='ocr_line' id='line_1_26' title="bbox 297 1833 932 1878; baseline -0.003 -9"><span class='ocrx_word' id='word_1_191' title='bbox 297 1837 476 1877; x_wconf 82' lang='grc' dir='ltr'><em>πέμπειν</em></span> <span class='ocrx_word' id='word_1_192' title='bbox 500 1833 633 1876; x_wconf 74' lang='grc' dir='ltr'><em>χρεών</em></span> <span class='ocrx_word' id='word_1_193' title='bbox 653 1835 706 1878; x_wconf 74' lang='grc'><em>-]</em></span> <span class='ocrx_word' id='word_1_194' title='bbox 734 1836 859 1867; x_wconf 85' lang='lat' dir='ltr'><strong>Mirari</strong></span> <span class='ocrx_word' id='word_1_195' title='bbox 877 1835 932 1867; x_wconf 84' lang='lat' dir='ltr'><em>hie</em></span> 
     </span>
     <span class='ocr_line' id='line_1_27' title="bbox 292 1878 931 1922; baseline -0.006 -6"><span class='ocrx_word' id='word_1_196' title='bbox 292 1885 374 1916; x_wconf 85' lang='lat' dir='ltr'><strong>iicet</strong></span> <span class='ocrx_word' id='word_1_197' title='bbox 405 1883 579 1915; x_wconf 82' lang='lat' dir='ltr'><strong>Astium</strong></span> <span class='ocrx_word' id='word_1_198' title='bbox 617 1878 725 1922; x_wconf 75' lang='grc' dir='ltr'><em>χρεών</em></span> <span class='ocrx_word' id='word_1_199' title='bbox 761 1883 931 1922; x_wconf 86' lang='lat' dir='ltr'><strong>interpre-</strong></span> 
     </span>
     <span class='ocr_line' id='line_1_28' title="bbox 292 1929 933 1967; baseline -0.005 -5"><span class='ocrx_word' id='word_1_200' title='bbox 292 1935 441 1962; x_wconf 82' lang='lat' dir='ltr'><strong>tantem:</strong></span> <span class='ocrx_word' id='word_1_201' title='bbox 478 1929 513 1959; x_wconf 88' lang='lat' dir='ltr'><strong>si</strong></span> <span class='ocrx_word' id='word_1_202' title='bbox 546 1933 759 1967; x_wconf 80' lang='lat' dir='ltr'>oporteat</span> <span class='ocrx_word' id='word_1_203' title='bbox 790 1934 825 1959; x_wconf 86' lang='lat' dir='ltr'><em>et</em></span> <span class='ocrx_word' id='word_1_204' title='bbox 852 1933 933 1959; x_wconf 85' lang='lat' dir='ltr'><strong>ante</strong></span> 
     </span>
     <span class='ocr_line' id='line_1_29' title="bbox 291 1973 932 2015; baseline -0.005 -8"><span class='ocrx_word' id='word_1_205' title='bbox 291 1974 472 2014; x_wconf 79' lang='grc' dir='ltr'><em>ἐκπέμπειν</em></span> <span class='ocrx_word' id='word_1_206' title='bbox 496 1974 731 2015; x_wconf 83' lang='lat' dir='ltr'><strong>requirentem</strong></span> <span class='ocrx_word' id='word_1_207' title='bbox 761 1973 801 2005; x_wconf 77' lang='grc' dir='ltr'><em>εἰ.</em></span> <span class='ocrx_word' id='word_1_208' title='bbox 857 1973 932 2004; x_wconf 91' lang='lat' dir='ltr'><em>Imo</em></span> 
     </span>
     <span class='ocr_line' id='line_1_30' title="bbox 292 2020 930 2054; baseline -0.005 0"><span class='ocrx_word' id='word_1_209' title='bbox 292 2021 498 2054; x_wconf 78' lang='lat' dir='ltr'><strong>consecutio</strong></span> <span class='ocrx_word' id='word_1_210' title='bbox 525 2021 710 2051; x_wconf 75' lang='lat' dir='ltr'><strong>vetborum</strong></span> <span class='ocrx_word' id='word_1_211' title='bbox 742 2020 828 2051; x_wconf 80' lang='lat' dir='ltr'><strong>haec</strong></span> <span class='ocrx_word' id='word_1_212' title='bbox 863 2025 930 2051; x_wconf 81' lang='lat' dir='ltr'><strong>est:</strong></span> 
     </span>
     <span class='ocr_line' id='line_1_31' title="bbox 291 2064 932 2118; baseline -0.006 -19"><span class='ocrx_word' id='word_1_213' title='bbox 291 2067 400 2109; x_wconf 80' lang='grc' dir='ltr'><em>χρεών</em></span> <span class='ocrx_word' id='word_1_214' title='bbox 444 2065 480 2098; x_wconf 82' lang='grc' dir='ltr'><em>δὲ</em></span> <span class='ocrx_word' id='word_1_215' title='bbox 515 2066 583 2106; x_wconf 86' lang='lat' dir='ltr'><strong>(sc.</strong></span> <span class='ocrx_word' id='word_1_216' title='bbox 626 2064 710 2118; x_wconf 47' lang='grc' dir='ltr'><em>ἐσιὶέ</em></span> <span class='ocrx_word' id='word_1_217' title='bbox 753 2064 932 2104; x_wconf 81' lang='grc' dir='ltr'><em>ἐκπέμπειν</em></span> 
     </span>
     <span class='ocr_line' id='line_1_32' title="bbox 291 2108 933 2151; baseline -0.005 -6"><span class='ocrx_word' id='word_1_218' title='bbox 291 2112 417 2145; x_wconf 76' lang='grc' dir='ltr'><em>ἄλλους</em></span> <span class='ocrx_word' id='word_1_219' title='bbox 448 2109 610 2142; x_wconf 75' lang='grc' dir='ltr'><em>τοιούεδε</em></span> <span class='ocrx_word' id='word_1_220' title='bbox 645 2108 736 2141; x_wconf 76' lang='grc' dir='ltr'><em>τινὰς</em></span> <span class='ocrx_word' id='word_1_221' title='bbox 767 2108 933 2151; x_wconf 58' lang='lat' dir='ltr'><strong>&amp;stupetis</strong></span> 
     </span>
     <span class='ocr_line' id='line_1_33' title="bbox 293 2157 930 2201; baseline -0.008 -10"><span class='ocrx_word' id='word_1_222' title='bbox 293 2158 507 2201; x_wconf 64' lang='grc' dir='ltr'><em>παρεμένους</em></span> <span class='ocrx_word' id='word_1_223' title='bbox 541 2157 589 2199; x_wconf 87' lang='lat' dir='ltr'><strong>(i.</strong></span> <span class='ocrx_word' id='word_1_224' title='bbox 617 2167 646 2188; x_wconf 89' lang='lat' dir='ltr'><em>e.</em></span> <span class='ocrx_word' id='word_1_225' title='bbox 684 2157 930 2197; x_wconf 70' lang='grc' dir='ltr'><em>παραιτησαμέ-</em></span> 
     </span>
     <span class='ocr_line' id='line_1_34' title="bbox 292 2201 932 2248; baseline -0.005 -11"><span class='ocrx_word' id='word_1_226' title='bbox 292 2206 392 2248; x_wconf 73' lang='grc' dir='ltr'><em>νους)</em></span> <span class='ocrx_word' id='word_1_227' title='bbox 416 2202 497 2236; x_wconf 70' lang='grc' dir='ltr'><em>τοὺς</em></span> <span class='ocrx_word' id='word_1_228' title='bbox 520 2201 777 2242; x_wconf 73' lang='grc' dir='ltr'><em>νομοφύλακας,</em></span> <span class='ocrx_word' id='word_1_229' title='bbox 805 2212 932 2243; x_wconf 89' lang='lat' dir='ltr'><strong>opor—</strong></span> 
     </span>
     <span class='ocr_line' id='line_1_35' title="bbox 292 2249 931 2290; baseline -0.006 -7"><span class='ocrx_word' id='word_1_230' title='bbox 292 2257 354 2284; x_wconf 87' lang='lat' dir='ltr'><em>tet</em></span> <span class='ocrx_word' id='word_1_231' title='bbox 379 2260 487 2283; x_wconf 86' lang='lat' dir='ltr'><strong>vero</strong></span> <span class='ocrx_word' id='word_1_232' title='bbox 516 2250 632 2282; x_wconf 73' lang='lat' dir='ltr'><strong>alios</strong></span> <span class='ocrx_word' id='word_1_233' title='bbox 658 2249 864 2290; x_wconf 84' lang='lat' dir='ltr'><strong>quosdam</strong></span> <span class='ocrx_word' id='word_1_234' title='bbox 889 2249 931 2279; x_wconf 86' lang='lat' dir='ltr'><strong>id</strong></span> 
     </span>
     <span class='ocr_line' id='line_1_36' title="bbox 291 2296 930 2339; baseline -0.008 -9"><span class='ocrx_word' id='word_1_235' title='bbox 291 2308 428 2339; x_wconf 84' lang='lat' dir='ltr'><strong>genus</strong></span> <span class='ocrx_word' id='word_1_236' title='bbox 473 2299 762 2337; x_wconf 76' lang='lat' dir='ltr'><strong>spectatores</strong></span> <span class='ocrx_word' id='word_1_237' title='bbox 810 2296 930 2326; x_wconf 88' lang='lat' dir='ltr'><strong>emit-</strong></span> 
     </span>
     <span class='ocr_line' id='line_1_37' title="bbox 291 2340 932 2384; baseline -0.006 -8"><span class='ocrx_word' id='word_1_238' title='bbox 291 2350 410 2384; x_wconf 83' lang='lat' dir='ltr'><strong>tere,</strong></span> <span class='ocrx_word' id='word_1_239' title='bbox 449 2353 574 2384; x_wconf 91' lang='lat' dir='ltr'><strong>quum</strong></span> <span class='ocrx_word' id='word_1_240' title='bbox 623 2342 789 2372; x_wconf 83' lang='lat' dir='ltr'><strong>veniam</strong></span> <span class='ocrx_word' id='word_1_241' title='bbox 827 2350 849 2372; x_wconf 76' lang='lat' dir='ltr'><strong>a</strong></span> <span class='ocrx_word' id='word_1_242' title='bbox 882 2340 932 2372; x_wconf 90' lang='lat' dir='ltr'><em>le-</em></span> 
     </span>
     <span class='ocr_line' id='line_1_38' title="bbox 295 2387 934 2431; baseline -0.008 -9"><span class='ocrx_word' id='word_1_243' title='bbox 295 2400 390 2431; x_wconf 88' lang='lat' dir='ltr'><em>gum</em></span> <span class='ocrx_word' id='word_1_244' title='bbox 429 2387 694 2420; x_wconf 81' lang='lat' dir='ltr'><strong>custodibus</strong></span> <span class='ocrx_word' id='word_1_245' title='bbox 728 2387 934 2427; x_wconf 80' lang='lat' dir='ltr'><strong>impetra-</strong></span> 
     </span>
     <span class='ocr_line' id='line_1_39' title="bbox 294 2433 932 2474; baseline -0.006 -7"><span class='ocrx_word' id='word_1_246' title='bbox 294 2437 458 2473; x_wconf 74' lang='lat' dir='ltr'><strong>verint3</strong></span> <span class='ocrx_word' id='word_1_247' title='bbox 490 2435 523 2465; x_wconf 83' lang='lat' dir='ltr'><em>h.</em></span> <span class='ocrx_word' id='word_1_248' title='bbox 551 2444 580 2465; x_wconf 89' lang='lat' dir='ltr'><em>e.</em></span> <span class='ocrx_word' id='word_1_249' title='bbox 608 2437 842 2474; x_wconf 86' lang='lat' dir='ltr'><strong>spectatores,</strong></span> <span class='ocrx_word' id='word_1_250' title='bbox 874 2433 932 2473; x_wconf 88' lang='lat' dir='ltr'><strong>qui</strong></span> 
     </span>
     <span class='ocr_line' id='line_1_40' title="bbox 294 2479 934 2513; baseline -0.006 0"><span class='ocrx_word' id='word_1_251' title='bbox 294 2483 376 2513; x_wconf 88' lang='lat' dir='ltr'><strong>item</strong></span> <span class='ocrx_word' id='word_1_252' title='bbox 402 2490 517 2512; x_wconf 84' lang='lat' dir='ltr'><strong>rerum</strong></span> <span class='ocrx_word' id='word_1_253' title='bbox 542 2485 740 2511; x_wconf 78' lang='lat' dir='ltr'><strong>exterarum</strong></span> <span class='ocrx_word' id='word_1_254' title='bbox 775 2479 934 2510; x_wconf 85' lang='lat' dir='ltr'><strong>notitiam</strong></span> 
     </span>
     <span class='ocr_line' id='line_1_41' title="bbox 296 2524 933 2565; baseline -0.003 -7"><span class='ocrx_word' id='word_1_255' title='bbox 296 2527 464 2565; x_wconf 76' lang='lat' dir='ltr'><strong>colligant</strong></span> <span class='ocrx_word' id='word_1_256' title='bbox 496 2530 530 2556; x_wconf 89' lang='lat' dir='ltr'><em>et</em></span> <span class='ocrx_word' id='word_1_257' title='bbox 562 2526 702 2557; x_wconf 86' lang='lat' dir='ltr'><strong>domum</strong></span> <span class='ocrx_word' id='word_1_258' title='bbox 731 2525 863 2556; x_wconf 85' lang='lat' dir='ltr'><strong>reversi</strong></span> <span class='ocrx_word' id='word_1_259' title='bbox 889 2524 933 2556; x_wconf 88' lang='lat' dir='ltr'><em>de</em></span> 
     </span>
     <span class='ocr_line' id='line_1_42' title="bbox 295 2568 932 2612; baseline -0.01 -7"><span class='ocrx_word' id='word_1_260' title='bbox 295 2574 338 2605; x_wconf 81' lang='lat' dir='ltr'><strong>iis</strong></span> <span class='ocrx_word' id='word_1_261' title='bbox 365 2577 554 2612; x_wconf 83' lang='lat' dir='ltr'><strong>exponant</strong></span> <span class='ocrx_word' id='word_1_262' title='bbox 591 2571 700 2612; x_wconf 82' lang='lat' dir='ltr'><strong>Legg.</strong></span> <span class='ocrx_word' id='word_1_263' title='bbox 727 2571 769 2601; x_wconf 92' lang='lat' dir='ltr'><em>V.</em></span> <span class='ocrx_word' id='word_1_264' title='bbox 797 2581 828 2611; x_wconf 90' lang='lat' dir='ltr'><em>p.</em></span> <span class='ocrx_word' id='word_1_265' title='bbox 854 2568 932 2604; x_wconf 83' lang='grc'><strong>742.</strong></span> 
     </span>
     <span class='ocr_line' id='line_1_43' title="bbox 295 2613 929 2670; baseline -0.003 -21"><span class='ocrx_word' id='word_1_266' title='bbox 295 2618 336 2650; x_wconf 91' lang='grc' dir='ltr'><em>Β.</em></span> <span class='ocrx_word' id='word_1_267' title='bbox 363 2616 554 2659; x_wconf 74' lang='grc' dir='ltr'><em>παρέμενος</em></span> <span class='ocrx_word' id='word_1_268' title='bbox 576 2616 698 2670; x_wconf 69' lang='lat' dir='ltr'><strong>(vulgo</strong></span> <span class='ocrx_word' id='word_1_269' title='bbox 725 2613 929 2670; x_wconf 53' lang='grc' dir='ltr'><em>παραιτησά-</em></span> 
     </span>
     <span class='ocr_line' id='line_1_44' title="bbox 294 2659 930 2704; baseline -0.005 -8"><span class='ocrx_word' id='word_1_270' title='bbox 294 2666 418 2704; x_wconf 68' lang='grc' dir='ltr'><em>μενος)</em></span> <span class='ocrx_word' id='word_1_271' title='bbox 453 2659 626 2702; x_wconf 74' lang='grc' dir='ltr'><em>μὲντοὺς</em></span> <span class='ocrx_word' id='word_1_272' title='bbox 654 2660 822 2703; x_wconf 74' lang='grc' dir='ltr'><em>ἄρχοντας</em></span> <span class='ocrx_word' id='word_1_273' title='bbox 846 2672 930 2692; x_wconf 84' lang='grc' dir='ltr'><em>απο-</em></span> 
     </span>
     <span class='ocr_line' id='line_1_45' title="bbox 295 2708 929 2752; baseline -0.005 -10"><span class='ocrx_word' id='word_1_274' title='bbox 295 2709 446 2752; x_wconf 40' lang='grc' dir='ltr'><em>δημειᾞιιυ</em></span> <span class='ocrx_word' id='word_1_275' title='bbox 469 2709 525 2741; x_wconf 87' lang='lat' dir='ltr'><strong>ubi</strong></span> <span class='ocrx_word' id='word_1_276' title='bbox 549 2720 578 2742; x_wconf 86' lang='lat' dir='ltr'><em>v.</em></span> <span class='ocrx_word' id='word_1_277' title='bbox 593 2714 819 2741; x_wconf 79' lang='lat' dir='ltr'><strong>commentar.</strong></span> <span class='ocrx_word' id='word_1_278' title='bbox 840 2708 929 2740; x_wconf 85' lang='lat' dir='ltr'><strong>Dein</strong></span> 
     </span>
    </p>
   </div>
   <div class='ocr_carea' id='block_1_8' title="bbox 999 1788 1644 2742">
    <p class='ocr_par' dir='ltr' id='par_1_11' title="bbox 999 1788 1644 2330">
     <span class='ocr_line' id='line_1_46' title="bbox 1001 1788 1644 1830; baseline 0.002 -10"><span class='ocrx_word' id='word_1_279' title='bbox 1001 1794 1082 1830; x_wconf 86' lang='lat' dir='ltr'><strong>post</strong></span> <span class='ocrx_word' id='word_1_280' title='bbox 1122 1788 1334 1829; x_wconf 75' lang='grc' dir='ltr'><em>παρεμένους</em></span> <span class='ocrx_word' id='word_1_281' title='bbox 1369 1789 1447 1821; x_wconf 83' lang='lat' dir='ltr'><strong>colo</strong></span> <span class='ocrx_word' id='word_1_282' title='bbox 1483 1790 1644 1822; x_wconf 83' lang='lat' dir='ltr'><strong>distinxi-</strong></span> 
     </span>
     <span class='ocr_line' id='line_1_47' title="bbox 1000 1835 1643 1876; baseline 0.003 -10"><span class='ocrx_word' id='word_1_283' title='bbox 1000 1845 1076 1867; x_wconf 93' lang='lat' dir='ltr'><em>mus</em></span> <span class='ocrx_word' id='word_1_284' title='bbox 1095 1837 1302 1869; x_wconf 82' lang='lat' dir='ltr'><strong>orationem.</strong></span> <span class='ocrx_word' id='word_1_285' title='bbox 1339 1835 1429 1866; x_wconf 83' lang='lat' dir='ltr'><em>Nam</em></span> <span class='ocrx_word' id='word_1_286' title='bbox 1455 1845 1543 1876; x_wconf 84' lang='lat' dir='ltr'><strong>quae</strong></span> <span class='ocrx_word' id='word_1_287' title='bbox 1561 1846 1643 1868; x_wconf 86' lang='lat' dir='ltr'><strong>con·</strong></span> 
     </span>
     <span class='ocr_line' id='line_1_48' title="bbox 1002 1882 1644 1923; baseline 0.003 -11"><span class='ocrx_word' id='word_1_288' title='bbox 1002 1887 1214 1922; x_wconf 80' lang='lat' dir='ltr'><strong>sequuntur,</strong></span> <span class='ocrx_word' id='word_1_289' title='bbox 1248 1892 1289 1914; x_wconf 82' lang='lat' dir='ltr'><em>ea</em></span> <span class='ocrx_word' id='word_1_290' title='bbox 1313 1882 1494 1913; x_wconf 85' lang='lat' dir='ltr'><strong>continent</strong></span> <span class='ocrx_word' id='word_1_291' title='bbox 1518 1892 1644 1923; x_wconf 77' lang='lat' dir='ltr'><strong>epexe-</strong></span> 
     </span>
     <span class='ocr_line' id='line_1_49' title="bbox 1001 1928 1642 1969; baseline 0.003 -11"><span class='ocrx_word' id='word_1_292' title='bbox 1001 1928 1114 1967; x_wconf 66' lang='lat' dir='ltr'><strong>gesim</strong></span> <span class='ocrx_word' id='word_1_293' title='bbox 1143 1929 1191 1959; x_wconf 85' lang='lat' dir='ltr'><strong>ita</strong></span> <span class='ocrx_word' id='word_1_294' title='bbox 1218 1933 1254 1958; x_wconf 88' lang='lat' dir='ltr'><em>ut</em></span> <span class='ocrx_word' id='word_1_295' title='bbox 1279 1929 1385 1959; x_wconf 83' lang='lat' dir='ltr'><strong>etiam</strong></span> <span class='ocrx_word' id='word_1_296' title='bbox 1411 1929 1516 1959; x_wconf 87' lang='lat' dir='ltr'><strong>scribi</strong></span> <span class='ocrx_word' id='word_1_297' title='bbox 1543 1933 1642 1969; x_wconf 88' lang='lat' dir='ltr'><strong>potu—</strong></span> 
     </span>
     <span class='ocr_line' id='line_1_50' title="bbox 1002 1971 1644 2015; baseline 0.002 -11"><span class='ocrx_word' id='word_1_298' title='bbox 1002 1974 1083 2004; x_wconf 84' lang='lat' dir='ltr'><strong>erit:</strong></span> <span class='ocrx_word' id='word_1_299' title='bbox 1116 1971 1176 2004; x_wconf 82' lang='grc' dir='ltr'><em>ε’ἀν</em></span> <span class='ocrx_word' id='word_1_300' title='bbox 1209 1972 1286 2015; x_wconf 79' lang='grc' dir='ltr'><em>γάρ</em></span> <span class='ocrx_word' id='word_1_301' title='bbox 1320 1982 1406 2005; x_wconf 77' lang='grc' dir='ltr'><em>τινες</em></span> <span class='ocrx_word' id='word_1_302' title='bbox 1437 1972 1644 2013; x_wconf 72' lang='grc' dir='ltr'><em>ἐπιθυμῶσι,</em></span> 
     </span>
     <span class='ocr_line' id='line_1_51' title="bbox 1003 2019 1642 2052; baseline 0.005 -3"><span class='ocrx_word' id='word_1_303' title='bbox 1003 2030 1029 2050; x_wconf 86' lang='grc' dir='ltr'><em>κ.</em></span> <span class='ocrx_word' id='word_1_304' title='bbox 1067 2030 1093 2050; x_wconf 87' lang='grc' dir='ltr'><em>τ.</em></span> <span class='ocrx_word' id='word_1_305' title='bbox 1127 2020 1152 2052; x_wconf 76' lang='grc' dir='ltr'><em>λ,</em></span> <span class='ocrx_word' id='word_1_306' title='bbox 1194 2019 1265 2051; x_wconf 86' lang='lat' dir='ltr'><em>Sed</em></span> <span class='ocrx_word' id='word_1_307' title='bbox 1297 2021 1332 2051; x_wconf 89' lang='lat' dir='ltr'><strong>in</strong></span> <span class='ocrx_word' id='word_1_308' title='bbox 1369 2019 1498 2051; x_wconf 84' lang='lat' dir='ltr'><strong>talibus</strong></span> <span class='ocrx_word' id='word_1_309' title='bbox 1529 2021 1642 2052; x_wconf 83' lang='lat' dir='ltr'><strong>omitti</strong></span> 
     </span>
     <span class='ocr_line' id='line_1_52' title="bbox 1000 2065 1641 2097; baseline 0.002 -1"><span class='ocrx_word' id='word_1_310' title='bbox 1000 2065 1115 2097; x_wconf 79' lang='lat' dir='ltr'><strong>solere</strong></span> <span class='ocrx_word' id='word_1_311' title='bbox 1132 2067 1415 2097; x_wconf 86' lang='lat' dir='ltr'><strong>coniunctionem</strong></span> <span class='ocrx_word' id='word_1_312' title='bbox 1430 2067 1641 2097; x_wconf 74' lang='lat' dir='ltr'><strong>tralaticium</strong></span> 
     </span>
     <span class='ocr_line' id='line_1_53' title="bbox 1001 2111 1641 2153; baseline 0.003 -12"><span class='ocrx_word' id='word_1_313' title='bbox 1001 2116 1064 2142; x_wconf 86' lang='lat' dir='ltr'><strong>est.</strong></span> <span class='ocrx_word' id='word_1_314' title='bbox 1112 2111 1237 2152; x_wconf 86' lang='lat' dir='ltr'><strong>Itaque</strong></span> <span class='ocrx_word' id='word_1_315' title='bbox 1262 2116 1408 2153; x_wconf 83' lang='lat' dir='ltr'><strong>apparet</strong></span> <span class='ocrx_word' id='word_1_316' title='bbox 1433 2121 1641 2152; x_wconf 78' lang='lat' dir='ltr'><strong>supervaca-</strong></span> 
     </span>
     <span class='ocr_line' id='line_1_54' title="bbox 1001 2159 1641 2189; baseline 0.002 -2"><span class='ocrx_word' id='word_1_317' title='bbox 1001 2166 1100 2188; x_wconf 79' lang='lat' dir='ltr'><strong>neam</strong></span> <span class='ocrx_word' id='word_1_318' title='bbox 1126 2162 1160 2187; x_wconf 88' lang='lat' dir='ltr'><em>et</em></span> <span class='ocrx_word' id='word_1_319' title='bbox 1184 2159 1322 2188; x_wconf 85' lang='lat' dir='ltr'><strong>inanem</strong></span> <span class='ocrx_word' id='word_1_320' title='bbox 1354 2167 1430 2188; x_wconf 87' lang='lat' dir='ltr'><strong>esse</strong></span> <span class='ocrx_word' id='word_1_321' title='bbox 1464 2159 1641 2189; x_wconf 88' lang='lat' dir='ltr'><strong>coniectu-</strong></span> 
     </span>
     <span class='ocr_line' id='line_1_55' title="bbox 999 2202 1641 2244; baseline 0.003 -10"><span class='ocrx_word' id='word_1_322' title='bbox 999 2212 1072 2234; x_wconf 81' lang='lat' dir='ltr'><em>ram</em></span> <span class='ocrx_word' id='word_1_323' title='bbox 1108 2202 1493 2242; x_wconf 42' lang='lat' dir='ltr'><strong>&amp;Vinckelmannh</strong></span> <span class='ocrx_word' id='word_1_324' title='bbox 1524 2204 1641 2244; x_wconf 84' lang='lat' dir='ltr'><strong>legeu-</strong></span> 
     </span>
     <span class='ocr_line' id='line_1_56' title="bbox 999 2245 1644 2291; baseline 0.005 -13"><span class='ocrx_word' id='word_1_325' title='bbox 999 2248 1079 2279; x_wconf 88' lang='lat' dir='ltr'><em>dum</em></span> <span class='ocrx_word' id='word_1_326' title='bbox 1094 2247 1453 2288; x_wconf 63' lang='grc' dir='ltr'><em>ριιῑαηιὶετέκπέμπειι·</em></span> <span class='ocrx_word' id='word_1_327' title='bbox 1468 2245 1510 2280; x_wconf 74' lang='grc' dir='ltr'><em>οὐ</em></span> <span class='ocrx_word' id='word_1_328' title='bbox 1524 2248 1644 2291; x_wconf 80' lang='grc' dir='ltr'><em>χρεών,</em></span> 
     </span>
     <span class='ocr_line' id='line_1_57' title="bbox 1001 2292 1504 2330; baseline 0.004 -6"><span class='ocrx_word' id='word_1_329' title='bbox 1001 2292 1158 2325; x_wconf 77' lang='grc' dir='ltr'><em>τοιυύςδε</em></span> <span class='ocrx_word' id='word_1_330' title='bbox 1183 2293 1220 2325; x_wconf 77' lang='grc' dir='ltr'><em>δέ</em></span> <span class='ocrx_word' id='word_1_331' title='bbox 1246 2303 1336 2326; x_wconf 76' lang='grc' dir='ltr'><em>τινας</em></span> <span class='ocrx_word' id='word_1_332' title='bbox 1364 2307 1391 2326; x_wconf 90' lang='grc' dir='ltr'><em>κ.</em></span> <span class='ocrx_word' id='word_1_333' title='bbox 1421 2306 1445 2328; x_wconf 88' lang='grc' dir='ltr'><em>τ.</em></span> <span class='ocrx_word' id='word_1_334' title='bbox 1477 2296 1504 2330; x_wconf 83' lang='grc' dir='ltr'><em>λ.</em></span> 
     </span>
    </p>

    <p class='ocr_par' dir='ltr' id='par_1_12' title="bbox 1001 2336 1641 2611">
     <span class='ocr_line' id='line_1_58' title="bbox 1049 2336 1640 2383; baseline 0.005 -13"><span class='ocrx_word' id='word_1_335' title='bbox 1049 2339 1086 2370; x_wconf 86' lang='grc' dir='ltr'><em>Β.</em></span> <span class='ocrx_word' id='word_1_336' title='bbox 1146 2336 1249 2372; x_wconf 78' lang='grc' dir='ltr'><em>ἄνευ</em></span> <span class='ocrx_word' id='word_1_337' title='bbox 1288 2342 1364 2372; x_wconf 83' lang='grc' dir='ltr'><em>τοῦ</em></span> <span class='ocrx_word' id='word_1_338' title='bbox 1403 2339 1546 2383; x_wconf 79' lang='grc' dir='ltr'><em>γνώμῃ</em></span> <span class='ocrx_word' id='word_1_339' title='bbox 1581 2342 1640 2373; x_wconf 79' lang='grc' dir='ltr'><em>λα-</em></span> 
     </span>
     <span class='ocr_line' id='line_1_59' title="bbox 1002 2384 1641 2428; baseline 0.005 -12"><span class='ocrx_word' id='word_1_340' title='bbox 1002 2384 1098 2425; x_wconf 80' lang='grc' dir='ltr'><em>βεῖν</em></span> <span class='ocrx_word' id='word_1_341' title='bbox 1136 2386 1194 2427; x_wconf 93' lang='grc'><em>-]</em></span> <span class='ocrx_word' id='word_1_342' title='bbox 1247 2387 1289 2419; x_wconf 87' lang='grc' dir='ltr'><em>Η.</em></span> <span class='ocrx_word' id='word_1_343' title='bbox 1328 2398 1356 2419; x_wconf 93' lang='lat' dir='ltr'><em>e.</em></span> <span class='ocrx_word' id='word_1_344' title='bbox 1395 2389 1484 2419; x_wconf 88' lang='lat' dir='ltr'><strong>nisi</strong></span> <span class='ocrx_word' id='word_1_345' title='bbox 1519 2388 1641 2428; x_wconf 75' lang='lat' dir='ltr'><strong>leges</strong></span> 
     </span>
     <span class='ocr_line' id='line_1_60' title="bbox 1002 2432 1641 2475; baseline 0.005 -13"><span class='ocrx_word' id='word_1_346' title='bbox 1002 2432 1259 2472; x_wconf 84' lang='lat' dir='ltr'><strong>cognitione</strong></span> <span class='ocrx_word' id='word_1_347' title='bbox 1305 2443 1480 2475; x_wconf 86' lang='lat' dir='ltr'><strong>quoque</strong></span> <span class='ocrx_word' id='word_1_348' title='bbox 1535 2444 1641 2466; x_wconf 88' lang='lat' dir='ltr'><strong>com-</strong></span> 
     </span>
     <span class='ocr_line' id='line_1_61' title="bbox 1003 2479 1638 2519; baseline 0.003 -10"><span class='ocrx_word' id='word_1_349' title='bbox 1003 2479 1313 2519; x_wconf 80' lang='lat' dir='ltr'><strong>prehenderit,</strong></span> <span class='ocrx_word' id='word_1_350' title='bbox 1360 2490 1436 2512; x_wconf 89' lang='lat' dir='ltr'><em>nec</em></span> <span class='ocrx_word' id='word_1_351' title='bbox 1471 2485 1638 2511; x_wconf 75' lang='lat' dir='ltr'><strong>tantum</strong></span> 
     </span>
     <span class='ocr_line' id='line_1_62' title="bbox 1003 2525 1639 2566; baseline 0.006 -12"><span class='ocrx_word' id='word_1_352' title='bbox 1003 2525 1195 2556; x_wconf 79' lang='lat' dir='ltr'><strong>moribus</strong></span> <span class='ocrx_word' id='word_1_353' title='bbox 1241 2531 1283 2557; x_wconf 87' lang='lat' dir='ltr'><em>et</em></span> <span class='ocrx_word' id='word_1_354' title='bbox 1333 2526 1534 2566; x_wconf 81' lang='lat' dir='ltr'><strong>ingeniis</strong></span> <span class='ocrx_word' id='word_1_355' title='bbox 1574 2536 1639 2557; x_wconf 88' lang='lat' dir='ltr'><em>su-</em></span> 
     </span>
     <span class='ocr_line' id='line_1_63' title="bbox 1001 2573 1210 2611; baseline 0 -10"><span class='ocrx_word' id='word_1_356' title='bbox 1001 2573 1210 2611; x_wconf 85' lang='lat' dir='ltr'><strong>seeperit.</strong></span> 
     </span>
    </p>

    <p class='ocr_par' dir='ltr' id='par_1_13' title="bbox 1001 2614 1637 2742">
     <span class='ocr_line' id='line_1_64' title="bbox 1048 2614 1637 2659; baseline 0.005 -14"><span class='ocrx_word' id='word_1_357' title='bbox 1048 2614 1172 2650; x_wconf 79' lang='grc' dir='ltr'><em>θεῑοί</em></span> <span class='ocrx_word' id='word_1_358' title='bbox 1201 2625 1326 2653; x_wconf 70' lang='grc' dir='ltr'><em>τινες,</em></span> <span class='ocrx_word' id='word_1_359' title='bbox 1366 2614 1418 2649; x_wconf 75' lang='grc' dir='ltr'><em>οὐ</em></span> <span class='ocrx_word' id='word_1_360' title='bbox 1450 2617 1637 2659; x_wconf 51' lang='lat' dir='ltr'><em>nomon]</em></span> 
     </span>
     <span class='ocr_line' id='line_1_65' title="bbox 1003 2659 1636 2704; baseline 0.003 -12"><span class='ocrx_word' id='word_1_361' title='bbox 1003 2661 1080 2693; x_wconf 89' lang='lat' dir='ltr'><strong>Dici</strong></span> <span class='ocrx_word' id='word_1_362' title='bbox 1107 2669 1245 2704; x_wconf 77' lang='lat' dir='ltr'><strong>poterat</strong></span> <span class='ocrx_word' id='word_1_363' title='bbox 1269 2665 1372 2696; x_wconf 81' lang='lat' dir='ltr'><strong>etiam</strong></span> <span class='ocrx_word' id='word_1_364' title='bbox 1408 2664 1460 2694; x_wconf 84' lang='grc' dir='ltr'><em>καὶ</em></span> <span class='ocrx_word' id='word_1_365' title='bbox 1488 2659 1531 2694; x_wconf 75' lang='grc' dir='ltr'><em>οὗ</em></span> <span class='ocrx_word' id='word_1_366' title='bbox 1558 2664 1636 2695; x_wconf 81' lang='grc' dir='ltr'><em>πολ-</em></span> 
     </span>
     <span class='ocr_line' id='line_1_66' title="bbox 1001 2705 1637 2742; baseline 0.006 -5"><span class='ocrx_word' id='word_1_367' title='bbox 1001 2708 1066 2742; x_wconf 75' lang='grc' dir='ltr'><em>λοί,</em></span> <span class='ocrx_word' id='word_1_368' title='bbox 1091 2710 1142 2741; x_wconf 88' lang='lat' dir='ltr'><em>vel</em></span> <span class='ocrx_word' id='word_1_369' title='bbox 1170 2706 1236 2741; x_wconf 77' lang='grc' dir='ltr'><em>ἀλλ’</em></span> <span class='ocrx_word' id='word_1_370' title='bbox 1261 2705 1306 2742; x_wconf 76' lang='grc' dir='ltr'><em>οὕ</em></span> <span class='ocrx_word' id='word_1_371' title='bbox 1331 2710 1458 2741; x_wconf 73' lang='grc' dir='ltr'><em>πολλοί.</em></span> <span class='ocrx_word' id='word_1_372' title='bbox 1510 2709 1562 2742; x_wconf 81' lang='lat' dir='ltr'><em>De</em></span> <span class='ocrx_word' id='word_1_373' title='bbox 1582 2712 1637 2742; x_wconf 80' lang='lat' dir='ltr'><strong>tri·</strong></span> 
     </span>
    </p>
   </div>
  </div>
 </body>
</html>
