1781 2971
570 182 923 224 LATINUS.

114 298 206 328 inter
226 306 263 328 se
277 297 442 337 opposita
465 297 616 337 indeque
632 299 712 328 iusti

114 350 196 374 nata
209 343 390 383 perversio
416 342 459 375 X.
489 342 566 376 880.
582 342 620 375 B.
637 354 701 384 sqq

66 394 232 420 nautae
266 389 432 420 contemti
469 389 524 421 lV.
565 388 640 421 704.
668 389 713 420 D.

115 434 195 468 707.
222 434 264 465 B.

70 481 367 520 negationes:
400 486 543 521 propter
571 481 713 521 opposi-

118 532 188 558 tam
234 527 443 558 sententiam
489 527 712 567 praepositae

110 573 165 604 lV.
204 571 281 605 723.
308 572 353 606 D.
379 571 450 605 Xll.
475 572 554 606 943.
583 575 627 604 A.

74 636 112 642 —-
143 619 188 650 ad
224 619 369 650 nomina
411 619 634 650 substantiva
671 629 712 650 ex

117 664 302 696 verborum
341 665 478 697 ratione
515 665 714 697 intellectae

118 711 191 742 Vll.
217 709 296 744 805.
323 712 367 744 A.

71 755 277 788 Nemesis
303 756 359 790 lV.
388 756 465 790 717.
493 757 533 787 D.

70 801 233 834 Nestor
256 802 312 833 lV.
340 802 416 836 711.
446 803 487 833 E.

70 848 166 880 Nili
191 848 373 890 θρέμματα
396 848 471 879 Xll.
498 848 576 882 953.
604 848 645 878 E.

70 929 92 950 n
102 927 120 949 e
130 922 243 948 utra:
270 917 534 958 coniunguntur
547 926 624 948 cum
637 927 713 948 ver-

116 963 151 994 bi
171 973 317 994 numero
331 964 507 1004 plurativo
527 961 562 996 ll.
580 962 657 997 638.
674 963 713 997 C.

71 1028 115 1034 —
142 1008 187 1040 ad
214 1010 356 1040 nomina
380 1009 523 1040 mascul.
545 1015 578 1041 et
596 1009 714 1040 femin.

117 1054 318 1086 referuntur
330 1055 353 1085 l.
368 1054 446 1088 645.
457 1055 500 1085 D.
516 1055 570 1086 Vl.
585 1055 713 1089 7721).

72 1101 218 1132 Ninus
243 1101 292 1131 lll.
319 1100 396 1135 685.
423 1101 464 1131 B.
493 1100 533 1132 C.

73 1156 246 1179 nomen:
294 1147 475 1188 proprium
525 1148 715 1188 loquentis,

118 1202 182 1235 pro
208 1194 419 1233 pronomine
449 1194 627 1234 personali
652 1204 714 1234 po-

119 1240 225 1270 situm
250 1238 320 1269 Vll.
349 1239 427 1273 792.
456 1239 494 1270 C.
523 1258 563 1261 —
591 1241 628 1270 in
653 1250 715 1270 nu-

118 1295 215 1317 mero
241 1285 332 1326 plur.
356 1285 509 1326 positum
537 1285 615 1318 Vlll.
636 1285 714 1319 838.

74 1394 119 1400 —
145 1376 293 1409 relativo
321 1377 374 1408 vel
400 1377 593 1417 particulae
618 1383 716 1409 ante-

121 1423 275 1464 positum
299 1422 349 1454 lll.
379 1423 457 1457 697.
484 1423 526 1454 Ε.

76 1486 117 1492 -
145 1469 337 1500 eruendum
371 1479 413 1500 ex
450 1469 547 1503 aliis:
587 1481 619 1500 v.
654 1470 717 1502 sub

124 1525 154 1545 v.
181 1510 292 1555 πληγή
319 1519 353 1546 et
379 1514 582 1556 synesis.

78 1561 402 1592 nominativus:
449 1562 632 1593 absolutus
668 1562 717 1595 lll.

123 1605 203 1640 694.
220 1607 264 1639 A.
291 1606 333 1639 V.
351 1607 428 1641 739.
444 1608 476 1638 D
517 1607 563 1639 X.
579 1607 658 1641 885.
676 1608 718 1641 D.

78 1670 120 1675 -—-
148 1653 327 1693 participii
353 1654 446 1694 apud
473 1651 572 1693 ἔδοξέ
595 1664 653 1692 μοι
688 1659 721 1685 et

123 1698 199 1729 sim.
225 1699 362 1739 positus
387 1700 436 1733 lll.
464 1699 544 1734 686.
571 1700 615 1732 D.
649 1700 719 1732 Vll.

77 1788 291 1821 Numerus
322 1789 436 1820 verbi:
466 1792 613 1832 pluralis
644 1797 724 1833 post

124 1840 250 1867 neutra
275 1835 426 1876 pluralia
451 1837 473 1868 l.
502 1837 582 1871 634.
606 1837 652 1871 D.

80 1898 122 1903 —
151 1881 340 1921 singularis
369 1886 448 1921 post
473 1884 644 1923 pluralem
670 1884 721 1915 in-

127 1926 238 1958 fertur
263 1927 313 1958 lll.
338 1925 416 1960 683.
442 1927 483 1960 Β.
514 1929 556 1962 V.
582 1928 658 1962 729.
678 1929 718 1964 B.

127 1973 183 2004 Vl.
211 1972 289 2006 767.
317 1977 361 2006 A.

81 2035 122 2041 -
149 2019 339 2059 singularis
367 2018 463 2051 verbi
489 2030 565 2052 cum
579 2023 721 2054 nomine

127 2065 221 2105 plur,
243 2065 387 2096 mascul.
414 2069 448 2096 et
472 2065 553 2098 fem.
581 2068 720 2100 iunctus

127 2110 172 2141 V.
199 2110 277 2144 732.
302 2111 344 2142 E.

81 2173 125 2178 —
149 2157 297 2197 pluralis
330 2166 370 2188 ac
401 2156 592 2198 singularis
615 2161 724 2200 parti-

129 2203 213 2243 cipii
237 2202 546 2243 postinfinitivum
570 2206 724 2246 penden-

127 2253 196 2280 tem
227 2249 424 2289 promiscue
457 2257 647 2291 usurpatus
680 2252 723 2283 V.

130 2293 206 2328 745.
232 2294 277 2328 D.
306 2295 362 2326 Vl.
391 2294 469 2328 783.
496 2297 539 2330 A.

83 2372 304 2394 numerus:
341 2361 434 2396 5040
464 2366 633 2405 plurimas
665 2369 725 2400 ha—

128 2409 187 2440 bet
211 2409 405 2440 divisiones
430 2410 584 2452 ideoque
608 2414 645 2444 in
671 2424 727 2446 or-

131 2454 296 2486 dinandis
318 2455 423 2485 rebus
442 2457 604 2490 civilibus
623 2460 728 2500 longe

131 2504 184 2531 est
210 2500 421 2532 utilissimus
450 2502 493 2536 V.
507 2503 584 2538 738.
602 2506 645 2537 A.
672 2507 727 2539 Vl.

131 2545 209 2580 771.
239 2545 281 2577 B.
309 2545 348 2579 C.

84 2608 128 2615 —
154 2601 219 2632 par
233 2596 266 2623 et
283 2592 394 2632 impar
419 2592 477 2623 lV.
496 2593 572 2626 717.
587 2593 625 2625 C.
653 2605 726 2636 sqq.

86 2638 224 2669 numi:
252 2639 349 2669 aurei
377 2642 411 2669 et
435 2641 595 2679 argentei
623 2641 729 2673 inter-

131 2683 215 2715 dicti
238 2684 282 2716 V.
311 2683 377 2717 742
414 2684 460 2714 A.

86 2746 130 2751 —
157 2730 310 2761 coriacei
337 2729 377 2762 V.
406 2729 482 2763 742.
510 2730 551 2766 B,

87 2773 320 2817 Nymphae
351 2785 427 2807 cum
454 2776 584 2808 Silenis
609 2782 643 2807 et
667 2777 731 2809 Sa-

140 2829 231 2865 Plat.
260 2829 350 2872 Opp.
377 2833 456 2864 Vol.
485 2833 530 2864 X.
559 2832 650 2865 Sect.
679 2833 736 2867 lll.

1345 183 1425 223 577

835 298 920 336 tyris
953 299 1092 328 iunctae
1123 296 1184 327 Vll.
1211 295 1288 330 815.
1316 295 1354 327 C.
1384 313 1424 318 -—

833 353 951 374 earum
977 353 1102 375 numen
1129 343 1232 383 Epin.
1251 341 1329 375 985.
1358 342 1397 374 B.

1080 455 1134 488 θ.

789 521 981 563 Oedipus
1033 524 1113 554 Vlll.
1159 522 1235 555 838.
1277 521 1315 552 C.
1366 521 1424 553 xl.

833 569 914 603 931.
941 568 981 600 B.

789 614 996 656 Olympus
1022 615 1071 645 lll.
1098 615 1175 648 677.
1205 613 1251 645 D.

790 662 1017 704 optativus
1045 666 1078 692 et
1102 659 1316 692 indicativus
1335 659 1424 691 coni.

835 709 856 740 l.
883 706 962 740 629.
988 706 1030 737 E.
1122 749 1128 754 Ι

789 771 833 777 —·
859 758 940 794 post
972 748 1019 783 ὥς
1050 758 1084 783 et
1115 750 1166 782 όιι
1199 754 1231 783 ἰιι
1267 751 1427 783 oratioue

835 800 981 840 obliqua
1006 804 1194 838 usurpatus
1219 799 1266 831 lll.
1291 797 1369 831 698.
1385 796 1425 827 D.

790 863 831 867 —
859 851 939 886 post
974 842 1020 875 ὥς
1044 845 1162 875 illatus
1197 845 1429 884 praecedente

834 897 990 932 tempore
1011 891 1188 931 praesenti
1215 891 1264 921 lll.
1292 889 1368 923 700.
1387 889 1429 922 E.

791 956 829 960 —
860 938 937 969 sine
976 934 1018 968 ἄν
1053 937 1189 978 positus
1227 937 1247 969 l.
1279 936 1356 969 627.
1384 935 1427 967 D.

833 984 868 1017 ll.
896 982 973 1017 664.
1000 983 1042 1013 E.

792 1048 831 1051 —
858 1040 921 1070 pro
949 1029 1159 1070 imperativo
1185 1034 1237 1059 est
1261 1027 1322 1059 lX.
1349 1027 1428 1061 879.

791 1139 828 1144 -
858 1122 971 1153 forma
996 1120 1139 1160 κεκτῇτο
1169 1129 1274 1160 saepe
1306 1120 1429 1160 depra-

836 1174 917 1199 vata
942 1167 983 1198 V.
1012 1166 1090 1200 742.
1117 1167 1157 1197 Ε.
1185 1165 1259 1196 Xll.
1284 1165 1365 1199 957.
1390 1163 1429 1198 C.

791 1236 1022 1267 oraculum
1070 1233 1281 1276 Delphicum
1347 1234 1429 1265 Vlll.

835 1281 915 1315 828.
943 1284 986 1314 A.

792 1329 956 1359 oratio:
983 1327 1217 1368 interpellata,
1237 1326 1373 1361 lll.809.
1387 1329 1431 1360 A.

792 1390 835 1396 —-
859 1378 955 1405 reeta
986 1383 1057 1404 non
1091 1373 1285 1413 praemisso
1320 1374 1432 1414 ipsius

837 1420 952 1450 indice
978 1419 1000 1449 l.
1028 1418 1105 1452 631.
1130 1417 1172 1449 B·

795 1482 832 1487 -
872 1471 967 1496 recta
1004 1465 1081 1496 abit
1113 1464 1149 1494 in
1186 1464 1367 1505 obliquam
1408 1464 1431 1494 l.

837 1510 916 1544 630.
943 1511 988 1542 D.
1013 1511 1058 1542 al.

793 1574 836 1579 -
861 1558 928 1588 rati
954 1560 1177 1597 comparatur
1210 1555 1255 1587 X.
1282 1553 1361 1588 893.
1388 1555 1432 1584 A.

794 1603 942 1635 oriens
968 1613 1032 1643 pro
1052 1603 1199 1634 dextera
1215 1601 1336 1632 mundi
1355 1610 1434 1641 par-

841 1654 874 1680 te
900 1649 1047 1681 habetur
1079 1648 1133 1680 Vl.
1160 1646 1237 1680 760.
1265 1647 1308 1678 D.

796 1695 996 1736 Orpheus
1022 1695 1057 1725 ll.
1082 1693 1161 1727 669.
1187 1693 1232 1726 D.
1259 1703 1336 1733 sqq.
1384 1691 1434 1722 lll.

842 1742 920 1797 677.
947 1741 992 1772 D.
1021 1741 1076 1771 Vl.
1097 1738 1176 1773 782.
1192 1738 1230 1770 C.
1257 1738 1338 1769 Vlll.
1355 1736 1434 1770 829.

797 1832 995 1874 Orphica
1019 1831 1092 1862 vita
1117 1829 1174 1861 Vl.
1199 1828 1276 1862 782.
1304 1827 1343 1861 C

797 1878 983 1921 Orphici
1010 1877 1130 1918 hymni
1154 1875 1237 1908 Vlll.
1264 1873 1342 1908 829
1367 1874 1406 1906 Ε.

1091 1987 1144 2021 P.

797 2078 984 2111 paeanes
1016 2069 1065 2102 lll.
1093 2067 1170 2102 700.
1202 2069 1246 2101 A.

796 2116 1163 2157 paedagogorum
1212 2124 1357 2146 munera
1403 2122 1437 2145 et

841 2161 960 2193 officia
986 2161 1055 2194 Vll.
1080 2158 1159 2193 808.
1187 2159 1231 2193 D.

800 2207 1052 2239 Palamedes
1079 2206 1126 2238 lll.
1151 2205 1228 2239 677.
1255 2206 1299 2239 D.

799 2253 971 2285 Parcae
996 2252 1070 2288 Xll.
1097 2250 1165 2284 960
1201 2250 1240 2283 C.
1266 2262 1344 2292 sqq.

799 2327 1028 2364 parentum
1055 2320 1234 2352 veneratio
1264 2328 1437 2350 commen-

844 2368 948 2399 datur
972 2366 1026 2397 lV.
1057 2366 1135 2400 717
1163 2366 1200 2396 C.
1233 2365 1269 2396 V.
1300 2364 1376 2398 740
1397 2364 1436 2398 C.

798 2413 1110 2456 paronomasia
1161 2411 1217 2443 Vl
1269 2411 1347 2444 762.
1395 2410 1436 2442 Β.

845 2459 925 2493 792.
952 2459 994 2490 Ε.
1023 2458 1100 2491 Vlll.
1119 2457 1199 2491 837.
1215 2456 1254 2490 C.
1281 2456 1339 2488 lX.
1357 2455 1438 2490 853.

844 2505 892 2537 D.
922 2504 980 2535 Xl
1008 2503 1088 2537 921.
1114 2503 1153 2536 Β.
1180 2503 1224 2535 al.
1256 2502 1332 2537 Xll,
1357 2501 1436 2536 945

800 2595 1108 2637 participium:
1136 2604 1214 2626 cum
1232 2591 1268 2624 τὸ
1289 2593 1438 2625 articulo

845 2643 1001 2672 iunctum
1027 2641 1148 2671 addito
1175 2640 1333 2681 genitivo
1360 2640 1439 2671 sub-

846 2686 990 2719 stantivi
1018 2687 1053 2717 vi
1078 2687 1188 2727 pollet
1211 2686 1259 2716 lll.
1286 2684 1365 2719 609.
1393 2685 1438 2715 A.

802 2751 843 2756 —
871 2729 1134 2772 ὀνομαζόμενος,
1161 2729 1294 2774 ῥηθείς,
1320 2731 1362 2764 al.
1379 2740 1439 2769 no-

845 2777 998 2810 minibus
1023 2777 1182 2810 additum
1206 2787 1277 2810 non
1289 2777 1440 2818 repetito

1121 2823 1174 2864 37
