1781 2971
441 151 663 195 VULGO
699 152 975 195 PLATONI
1013 162 1092 194 etc.
1367 151 1447 192 457

99 265 268 320 Legum
302 264 406 306 VII.
439 281 480 320 p.
512 265 608 306 818.
641 265 692 309 C.
726 266 797 308 ubi
831 266 989 320 hospes
1021 265 1326 318 Atheniensis,
1360 280 1447 305 ma-

95 320 354 363 thematicae
383 321 590 363 scientiae
619 322 992 364 demonstraturus
1019 322 1337 374 necessitatem,
1361 322 1447 375 pri-

95 393 209 418 mum
242 378 415 432 quidem
447 378 696 432 contendit,
731 379 824 420 sine
860 380 931 420 illa
963 394 1043 420 nec
1076 378 1202 420 deum
1234 393 1314 420 nec
1344 378 1447 418 dae-

94 449 264 476 monem
311 442 387 476 aut
441 434 572 476 heroa
625 435 843 477 hominum
899 436 1249 492 procurationem
1298 449 1447 490 gerere

94 505 250 545 posse,
295 507 344 533 ac
387 490 544 533 deinde
586 493 714 533 etiam
759 492 903 546 addit,
949 491 1129 533 multum
1170 492 1347 544 abesse,
1398 498 1448 532 ut

94 547 223 589 homo
256 547 432 590 divinus
464 549 640 604 (ιθ-εἷος)
669 549 770 602 fiat,
815 550 888 604 qui
932 564 1072 603 neque
1104 564 1238 589 unum
1284 555 1329 589 et
1360 546 1446 589 duo

94 611 168 645 aut
200 606 320 659 paria
350 613 394 647 et
422 605 604 661 imparia
635 605 882 647 discernere
914 621 1054 660 neque
1088 611 1239 646 noctes
1271 619 1322 646 ac
1353 603 1446 645 dies

95 660 368 703 dinumerare
398 677 478 703 nec
511 662 697 716 denique
730 663 832 704 solis
864 663 1216 716 reliquorumque
1257 660 1446 703 siderum

93 717 301 761 circuitus
334 718 678 760 animadvertere
711 718 924 760 didicerit.
1003 718 1176 771 Quibus
1207 718 1350 759 verbis
1383 725 1446 759 te-

92 788 208 815 mere
250 776 434 830 arreptis
475 775 519 815 in
561 791 654 816 eam
696 775 911 817 deductus
960 782 1028 817 est
1075 774 1349 831 opinionem,
1399 781 1448 815 ut

93 831 321 873 Platonem
354 832 572 887 putaverit
610 832 807 874 homines
848 832 1110 874 iudicavisse
1150 831 1247 873 unis
1287 830 1445 873 studiis

91 887 404 930 mathematicis
437 887 609 929 divinos
640 889 735 930 fieri
764 890 952 944 ideoque
1000 890 1127 931 etiam
1169 888 1264 943 pios
1295 895 1338 929 et
1382 903 1448 929 re·

92 944 273 1000 ligiosos
307 945 506 987 evadere.
568 945 656 988 Sed
690 946 794 1000 quid
827 945 979 1001 plura?
1003 953 1199 987 tenemus
1223 945 1336 985 enim
1361 945 1444 999 iam

92 1016 240 1043 rursus
274 1002 468 1043 fraudem
489 1003 778 1052 manifestam,
802 1002 1156 1057 quandoquidem
1177 1002 1304 1043 etiam
1326 1002 1445 1056 prin-

93 1059 232 1114 cipale
252 1059 384 1100 libelli
409 1066 708 1115 argumentum
740 1060 920 1101 Platone
942 1061 1040 1113 ipso
1063 1059 1189 1115 plane
1216 1057 1444 1114 indignum

94 1130 188 1157 esse
220 1115 388 1170 liquido
420 1117 636 1172 apparuit,
669 1123 719 1157 ut
741 1117 940 1171 proiecto
965 1117 1046 1158 hoc
1075 1130 1249 1170 quoque
1270 1115 1443 1156 nomine

92 1170 145 1213 de
177 1171 424 1214 adulterina
454 1174 596 1228 operis
628 1174 794 1228 origine
827 1184 1029 1215 constare
1061 1172 1276 1214 videatur.

207 1229 434 1286 Pergimus
478 1230 612 1285 igitur
653 1230 708 1270 ad
753 1230 925 1271 tertium
967 1229 1098 1282 illud,
1151 1228 1265 1269 unde
1309 1242 1444 1281 supra

93 1286 433 1341 significavimus
466 1287 566 1327 item
600 1287 869 1328 intellectum
901 1287 968 1339 iri,
1005 1285 1310 1342 Epinoniidem
1342 1298 1440 1326 esse

91 1343 421 1398 suppositiciam
453 1358 594 1397 neque
626 1344 680 1385 ab
710 1344 808 1398 ipso
838 1343 1019 1385 Platone
1052 1342 1336 1398 compositam
1369 1351 1444 1381 aut

91 1407 232 1441 niente
265 1408 308 1441 et
350 1401 616 1456 cogitatione
656 1399 942 1456 designatam.
1013 1399 1287 1453 Quamquam
1329 1397 1440 1438 enim

91 1455 225 1498 libelli
257 1464 410 1498 auctor
442 1456 761 1498 studiosissime
794 1456 1035 1498 doctrinam
1069 1471 1189 1498 suam
1225 1454 1278 1495 ad
1310 1454 1441 1495 ratio-

91 1514 158 1554 nis
191 1512 443 1554 Platonicae
475 1513 801 1555 similitudinem
842 1514 1110 1555 conformare
1153 1511 1323 1553 studuit
1356 1510 1442 1552 cal-

90 1569 269 1623 lidoque
301 1570 487 1611 artificio
520 1571 712 1626 integros
744 1570 914 1626 Legum
949 1585 999 1612 ac
1031 1569 1197 1610 Timaei
1232 1569 1349 1609 locos
1381 1567 1442 1608 ita

91 1634 304 1680 sequutus
350 1633 439 1680 est,
481 1634 529 1668 ut
560 1643 775 1680 nusquam
813 1643 836 1668 a
867 1628 1021 1668 summi
1059 1624 1308 1681 philosophi
1341 1638 1440 1664 sen-

90 1684 229 1725 tentia
270 1683 525 1725 discessisse
572 1683 819 1736 videretur,
872 1691 1018 1725 tamen
1067 1682 1184 1736 quod
1224 1680 1352 1722 modo
1395 1681 1439 1720 in

90 1740 344 1796 principalis
378 1741 620 1797 argumenti
653 1742 912 1781 tractatione
939 1742 976 1782 ei
1002 1739 1215 1781 accidisse
1238 1735 1435 1778 animad-

91 1798 313 1849 vertimus,
345 1797 460 1838 idem
483 1798 612 1839 etiam
643 1798 687 1838 in
711 1797 893 1853 singulis
918 1796 1177 1851 quibusdam
1212 1793 1438 1836 sententiis

90 1853 362 1895 illustrandis
392 1854 555 1896 factum
586 1869 681 1895 esse
704 1855 821 1895 nullo
843 1855 931 1895 tere
953 1853 1128 1908 negotio
1154 1850 1439 1893 demonstrari

91 1917 248 1966 potest.
322 1911 479 1952 Posuit
518 1911 630 1952 enim
670 1911 821 1964 utique
864 1910 1116 1964 imprudens
1155 1909 1224 1949 hic
1265 1915 1306 1949 et
1334 1907 1436 1957 illic,

92 1982 203 2021 quae
235 1981 330 2008 cum
362 1982 570 2022 germana
592 1967 786 2008 Platonis
815 1966 1011 2008 doctrina
1041 1966 1160 2007 nullo
1182 1974 1311 2018 pacto
1333 1978 1437 2004 con—

92 2023 318 2065 ciliaveris.
389 2024 586 2065 Pertinet
627 2023 711 2064 huc
752 2023 936 2077 primum
980 2022 1137 2064 divisio
1179 2021 1251 2061 illa
1284 2020 1437 2060 artium

92 2096 142 2122 ac
179 2080 506 2135 disciplinarum
553 2098 594 2137 p.
638 2082 732 2122 974.
776 2080 827 2120 E.
873 2095 967 2134 sqq.
1010 2079 1062 2120 ab
1105 2094 1154 2119 eo
1197 2076 1437 2132 proposita..

92 2137 206 2178 Nam
249 2137 366 2191 quod
413 2144 526 2179 artes
567 2153 617 2179 ac
659 2136 912 2191 disciplinas
943 2136 1081 2177 voluit
1112 2135 1178 2176 vel
1213 2132 1266 2175 ad
1298 2134 1437 2174 victus

92 2196 377 2236 necessitates
409 2195 478 2235 vel
510 2194 562 2235 ad
597 2193 842 2249 voluptates
877 2193 943 2234 vel
977 2192 1031 2233 ad
1058 2189 1344 2233 sustentanda
1376 2190 1438 2229 vi-

92 2257 162 2291 tae
191 2252 435 2293 communis
468 2252 644 2308 negotia
675 2251 916 2305 pertinere,
965 2250 1103 2303 iisque
1136 2247 1333 2288 adiunxit
1365 2246 1439 2286 de-

90 2307 222 2360 nique
253 2308 478 2349 scientiam
509 2308 874 2359 mathematicam,
909 2321 1018 2360 quae
1051 2305 1218 2347 scilicet
1249 2318 1337 2343 una
1362 2317 1440 2343 no-

77 2364 205 2404 ‘mine
235 2364 441 2406 scientiae
475 2365 608 2419 digna
637 2364 716 2416 sit,
763 2371 829 2405 est
859 2363 1057 2418 profecto
1089 2361 1196 2402 haec
1228 2359 1384 2401 divisio
1418 2375 1442 2399 a

93 2427 235 2461 mente
268 2435 318 2462 ac
350 2422 566 2462 sententia
588 2421 785 2462 Platonis
818 2419 1097 2461 alienissima.
1158 2416 1274 2458 Nam
1306 2424 1355 2457 ut
1376 2416 1441 2456 ni-

91 2476 150 2517 hil
183 2475 378 2518 dicamus
409 2476 462 2518 de
492 2478 647 2519 ceteris
681 2478 772 2518 eius
804 2477 938 2528 vitiis,
973 2490 1082 2529 quae
1112 2484 1249 2528 prope
1274 2473 1318 2514 in
1339 2487 1442 2513 ocu-

91 2532 156 2575 los
188 2534 429 2587 incurrunt,
461 2535 685 2576 scientiam
717 2534 788 2574 ille
820 2533 873 2574 ad
906 2547 1034 2574 unam
1059 2531 1192 2571 solam
1218 2529 1444 2571 restrinxit

93 2590 424 2632 mathematicae
465 2591 783 2646 cognitionem,
826 2605 957 2644 quum
988 2595 1131 2628 tamen
1172 2586 1296 2628 Plato
1339 2601 1441 2627 con-

94 2653 258 2688 stanter
287 2648 363 2688 uni
397 2646 700 2702 philosophiae
732 2662 861 2689 verae
895 2645 1103 2687 scientiae
1142 2642 1313 2684 laudem
1347 2643 1442 2683 vin-

95 2702 321 2745 dicandam
353 2718 448 2746 esse
482 2703 752 2745 iudicaverit.
824 2703 874 2744 Id
916 2701 1032 2756 quod
1075 2715 1127 2741 ne
1168 2700 1211 2740 in
1248 2699 1442 2754 Legibus
