1781 2971
323 132 404 173 274

802 129 1177 174 PLATONIS

323 249 401 290 ἐὰν
445 250 489 290 δὲ
535 246 736 298 ἐνιαυτὸς
784 247 966 307 ἐξέλθῃ,
1014 249 1101 290 τῶν
1145 244 1289 290 ἄλλων
1321 245 1495 292 ἀτόκων
1531 247 1673 293 ὄντων

246 334 288 375 D
318 312 579 369 χρημάτων,
616 312 761 357 ὁπόσα
801 316 1019 369 δανεισμῷ
1057 314 1291 370 ξυμβάλλει
1330 330 1418 364 τις,
1453 311 1584 367 οὗτος
1620 318 1672 376 τῇ

322 381 491 440 δραχμῇ
541 380 724 424 ἑκάστου
760 379 900 437 μηνὸς
935 383 1176 436 ἐπωβελίαν
1213 384 1508 427 κατατιθέτω.
1549 386 1673 434 δίκας

319 450 364 490 δὲ
409 446 522 490 εἶναι
567 447 738 490 τούτων
784 454 829 491 ἐν
876 456 971 498 τοῖς
1014 446 1128 490 κατὰ
1178 446 1323 505 φυλὰς
1359 449 1672 506 δικαστηρίοις.

319 511 376 564 ὡς
411 515 454 557 δὲ
491 518 537 556 ὲν
574 519 776 571 παρέργῳ
827 517 923 569 περὶ
959 515 1048 557 τῶν
1084 514 1198 557 κατὰ
1236 513 1429 568 πόλεμον
1464 518 1673 573 δημιουρ-

413 623 451 654 D.
503 626 752 666 στρατηγῶν
779 624 843 665 τε]
871 623 905 655 δὲ
933 634 982 666 pr.
1011 625 1052 655 A.
1080 623 1126 657 Ω.
1153 635 1183 656 a.
1213 628 1247 655 et
1275 623 1372 656 Voss.

320 724 351 745 v.
380 714 532 746 Duker.
571 715 612 746 ad
640 713 794 758 Thucyd.
823 715 899 747 Vll.
928 716 960 749 5.

320 758 727 802 Προαμειψᾰμενος
745 760 867 793 eodem
888 771 961 793 mo-

319 803 364 837 do
395 815 427 845 p.
454 805 533 839 921.
570 805 607 837 E.

365 854 443 882 τῶν
469 851 608 882 ἄλλων
634 850 800 882 ἀτόκων
828 851 963 882 ὄντων

317 895 398 939 χρ.]
429 907 552 938 quum
583 896 632 938 (in
658 898 799 929 civitate
825 898 960 937 nostra)

318 943 435 974 aliae
467 943 699 983 pecuniae„
737 952 848 983 quae
875 953 958 975 mu-

319 992 417 1020 tuae
452 987 628 1027 dentur,
667 998 821 1020 usuras
847 989 960 1030 pari-

319 1037 391 1065 ant
417 1035 568 1071 nullas,
597 1038 739 1066 tamen
767 1035 851 1067 iste
877 1037 959 1066 sin-

317 1080 438 1119 gulis
466 1080 688 1112 mensibus
716 1091 790 1122 pro
816 1081 958 1122 singu-

319 1125 373 1156 lis
399 1124 633 1165 drachmis,
660 1136 764 1167 quas
792 1126 960 1159 redem-

320 1171 408 1202 tori
436 1173 586 1212 operis
613 1172 834 1212 debuerit,
861 1173 964 1205 obo—

320 1217 400 1249 ium
452 1227 612 1250 usurae
657 1218 758 1249 ioco
794 1219 962 1259 persoi-

321 1268 389 1294 νεῖ
421 1273 447 1293 s.
482 1267 691 1296 numeret.
727 1262 961 1305 Έηωβελία

318 1308 393 1340 fere
424 1309 455 1340 in
489 1319 526 1342 re
561 1309 737 1341 iudiciaria
777 1310 867 1342 dicta
908 1313 962 1341 est

318 1359 416 1386 sexta
444 1365 523 1394 pars
551 1355 624 1386 eius
651 1355 830 1396 pecuniae,
861 1365 960 1396 quam

319 1405 420 1432 actor
444 1401 602 1441 petiisset
626 1411 644 1432 a
671 1411 749 1441 reo3
775 1411 862 1442 quae
887 1402 962 1442 qui-

318 1445 395 1477 dem
432 1457 511 1487 pars
543 1446 606 1487 ipsi
639 1448 768 1478 muitae
797 1448 873 1478 ioco
901 1457 960 1478 nu-

320 1492 481 1524 meranda
516 1497 611 1531 erat,
648 1492 703 1524 ubi
731 1503 796 1524 non
824 1493 963 1525 tuiisset

320 1538 475 1578 quintam
526 1538 771 1580 suffragiorum
816 1543 961 1580 partem.

319 1593 350 1614 v.
380 1583 524 1618 Meier.
549 1588 584 1615 et
600 1582 850 1616 Schiimann.
871 1584 960 1616 Pro-

318 1639 406 1660 cess.
437 1630 540 1662 Attio.
561 1640 592 1671 p.
612 1629 677 1663 729
694 1648 730 1653 —-
749 1630 824 1665 734.
856 1630 958 1662 Her·

318 1685 452 1706 mann.
480 1675 703 1716 Antiquitatt.
732 1674 793 1707 Gr.
821 1676 850 1716 ξ.
879 1675 957 1709 144.

317 1724 351 1751 et
377 1730 464 1760 quos
491 1721 537 1753 iiii
570 1720 765 1753 laudarunt.
815 1721 914 1753 Nunc
940 1732 958 1753 a

317 1765 464 1798 Platone
490 1767 615 1798 dicitur
631 1767 741 1798 aliter.
772 1766 887 1799 schol.
915 1766 958 1799 ad

317 1810 348 1843 h.
368 1812 391 1843 l.
415 1809 652 1852 Ἐηωβελία
677 1813 769 1843 ἔστιν
783 1811 960 1854 ἐπιτίμιόν

318 1868 358 1894 τι,
383 1856 483 1888 τοῦτ’
512 1857 584 1889 ἐστὶ
609 1861 680 1893 τοῖς
693 1856 850 1890 διώκουσι
871 1869 959 1900 χρη-

315 1901 464 1943 ματικη’ν
490 1916 568 1934 τινα
591 1903 695 1944 δίκην,
721 1902 781 1934 ἐὰν
806 1902 852 1945 μῆ
879 1902 959 1935 Ξ’·λω

316 1958 379 1979 σιν.
421 1961 464 1988 ην
507 1948 541 1979 δὲ
581 1952 688 1980 τοῦτο
725 1947 820 1980 (ἕκτον
854 1951 958 1991 μέρος

314 1997 380 2025 τοῦ
400 1992 616 2036 τιμήματος,
640 1996 679 2026 οὑ
701 1993 958 2034 ἐπεδικάζοντο,

257 2062 260 2066 .
315 2038 374 2069 καὶ
420 2038 663 2082 ἐπεγράφοντο.
704 2040 759 2070 καὶ
798 2039 956 2072 ἐκαλεῖτό

315 2083 446 2124 οὕτως,
479 2084 536 2117 ὅτι
565 2085 620 2116 ἐπὶ
644 2088 685 2126 τῇ
711 2086 847 2128 δραχμῇ
874 2085 958 2126 ὅβο-

317 2129 376 2166 λος
409 2142 466 2170 ην,
499 2133 564 2171 τῆς
597 2131 753 2173 δραχμῆς
781 2130 957 2173 λογιζομέ-

316 2187 373 2217 νης
398 2176 485 2215 πρὸς
504 2175 535 2212 ΞΈ
538 2176 744 2216 .ἒλα’μβανε
769 2176 802 2208 δὲ
825 2175 843 2208 o‘
872 2175 956 2219 φεύ-

315 2233 382 2262 γων
406 2221 497 2266 παρὰ
527 2225 593 2254 τοῦ
617 2221 814 2262 διώκοντος,
841 2221 870 2254 εὶ
891 2222 957 2263 τὴν

316 2267 412 2307 δίκην
459 2267 642 2309 ἀπέφευγε.
701 2271 874 2310 μέμιηται
921 2267 955 2299 δὲ

315 2311 446 2353 ταύτης
476 2313 532 2344 καὶ
567 2314 798 2354 Λημοσθέιης
840 2314 873 2345 ἔν
908 2313 955 2357 τῷ

312 2355 400 2389 κατὰ
416 2357 584 2401 Ἀφόβου.
604 2359 630 2392 Ε
641 2360 786 2403 tymoi.
815 2359 952 2401 Magn.

314 2414 347 2446 Ρ
368 2403 449 2443 369
475 2404 511 2439 4·
541 2405 675 2447 λέγεται
701 2405 735 2437 δὲ
760 2404 816 2435 καὶ
841 2403 859 2437 o‘
887 2403 954 2437 τό·

313 2461 386 2485 κος
420 2449 512 2492 παρὰ
546 2454 590 2495 τῷ
624 2449 789 2483 Πλάτωνι
821 2451 954 2492 Νόμων

313 2493 491 2527 ἕνδεκάτω.
527 2484 704 2529 suidas·
738 2497 954 2536 ἐπωβελία

314 2539 331 2571 o‘
365 2539 467 2577 τόκος
499 2541 567 2574 ὑπὸ
607 2540 796 2579 Πλάτωνος
821 2541 954 2585 Νόμων

311 2583 347 2616 ια’
352 2610 358 2616 .
387 2585 582 2620 Grammat.
616 2588 648 2619 in
686 2587 834 2620 Rekkeri
865 2591 952 2620 Ane-

315 2631 410 2663 cdot.
438 2632 466 2663 Ι.
495 2643 527 2674 p.
554 2633 637 2669 255,
666 2633 720 2667 29.
749 2633 805 2674 qni
832 2633 951 2667 eadem

313 2676 416 2710 habet
440 2683 545 2720 atque
573 2679 691 2712 Schoi.
720 2678 762 2711 ad
789 2677 818 2710 h.
847 2680 866 2715 Ι.

358 2725 403 2757 D.
452 2724 504 2763 ὥς
528 2725 570 2757 δὲ
595 2726 634 2757 ἐν
665 2726 862 2767 παρέργῳ
888 2737 951 2757 πε-

1031 715 1074 757 ρὶ
1109 718 1187 746 τῶν
1214 727 1242 746 κ.
1270 715 1330 755 τι]
1366 714 1408 746 Η.
1435 725 1464 747 e.
1499 715 1675 758 περὶτῶν

1032 761 1139 791 ὄντων
1165 761 1381 803 δημιουργῶν
1414 763 1582 802 σωτηρίας
1612 773 1672 791 κα-

1031 805 1072 836 τὰ
1110 804 1272 848 πόλεμον.
1326 806 1404 838 Hoc
1437 807 1539 848 igitur
1570 807 1672 838 dicit:

1033 852 1247 892 Tanquam
1307 853 1346 883 in
1405 857 1672 885 transcursu

1032 897 1163 929 etiam
1193 897 1243 929 de
1269 898 1340 937 iis,
1377 899 1448 939 qui
1485 899 1522 929 in
1551 899 1674 930 bello

1030 948 1128 974 sunt
1154 944 1320 975 salutis
1354 944 1551 985 (publicae)
1576 953 1673 985 qua-

1030 989 1063 1020 si
1115 989 1310 1030 opifices
1359 989 1549 1029 quidam,
1600 990 1676 1021 hoc

1030 1038 1096 1066 est
1123 1035 1171 1066 de
1204 1034 1386 1065 ducibus
1419 1035 1604 1075 aliisque
1630 1033 1674 1066 id

1029 1090 1167 1122 genus
1202 1081 1364 1112 artium
1395 1081 1578 1121 periti32
1616 1080 1672 1112 di-

1030 1136 1131 1158 cere
1189 1130 1537 1158 consentaneum
1586 1130 1673 1167 est,

1030 1170 1459 1212 quandoquidem
1495 1172 1672 1204 omnino

1031 1217 1293 1249 mentionem
1330 1217 1543 1259 opificum
1572 1217 1672 1250 feci-

1030 1273 1128 1295 mus.
1159 1260 1347 1305 Πάρεργον
1369 1262 1449 1304 quid
1469 1265 1525 1301 sit,
1553 1267 1673 1296 osten-

1031 1309 1080 1341 dit
1113 1310 1358 1341 Dorviilius
1394 1309 1436 1341 ad
1471 1308 1600 1342 Charit.
1638 1320 1670 1351 p.

1031 1355 1179 1390 5751:
1204 1353 1283 1389 554.
1311 1354 1367 1387 ed.
1395 1354 1490 1398 Lips.

1077 1444 1126 1481 ὥς
1153 1443 1335 1483 τούτοις
1367 1449 1439 1489 αι]
1472 1443 1671 1487 καθάπερ

1031 1493 1232 1531 ἐκείνοις,
1260 1494 1355 1523 οἱον
1379 1510 1424 1515 -
1447 1491 1671 1534 {viante-

1030 1536 1082 1579 μὴ
1136 1535 1351 1580 ἀποδιδοῖ,
1404 1537 1670 1579 μέμψεται]

1032 1584 1201 1616 Consulto
1238 1584 1350 1614 iocum
1386 1584 1489 1615 taiem
1517 1581 1670 1615 exhibui·

1031 1639 1118 1671 mus,
1143 1629 1252 1669 qualis
1280 1629 1314 1659 in
1339 1627 1439 1660 codd.
1457 1629 1670 1669 perscriptus

1029 1674 1226 1710 exhibetur,
1263 1674 1345 1706 licet
1377 1683 1455 1706 eum
1489 1674 1668 1706 vitiosissi-

1029 1731 1083 1752 me
1109 1720 1274 1761 scriptum
1296 1729 1374 1750 esse
1395 1729 1496 1751 nemo
1523 1730 1588 1752 non
1617 1721 1666 1751 in-

1029 1767 1175 1807 telligat.
1232 1765 1321 1797 Nam
1355 1765 1496 1819 primum
1528 1765 1667 1812 quidem

1029 1811 1133 1844 dativi
1172 1810 1245 1842 isti:
1283 1808 1327 1847 ὡς
1368 1810 1512 1846 τούτοις
1544 1814 1588 1842 av‘
1624 1829 1667 1834 --

1027 1870 1109 1889 ουσι
1138 1857 1380 1899 δημιοιργοῖς,
1415 1856 1508 1889 unde
1538 1855 1666 1898 pende-

1027 1908 1106 1943 ant,
1147 1901 1407 1943 haudquaquam
1449 1902 1667 1944 intelligitur3

1025 1959 1114 1990 quos
1145 1949 1202 1989 qui
1235 1953 1457 1989 antegressae
1482 1948 1668 1987 formulae,

1027 1994 1157 2027 δίκαιόν
1182 1993 1309 2035 (ἐστιν)
1339 1993 1454 2033 εἰπεῖν,
1478 1994 1571 2026 facta
1592 2003 1667 2026 mu-

1027 2042 1160 2072 tatione
1200 2039 1487 2078 constructionis,
1534 2049 1668 2072 accom-

1026 2084 1186 2119 modatos
1226 2095 1303 2116 esse
1340 2084 1523 2124 iudicavit,
1567 2089 1665 2125 Aug.

1027 2130 1243 2164 Matthiae
1277 2130 1340 2161 Gr.
1376 2130 1438 2162 Gr.
1470 2130 1500 2171 ξ.
1526 2129 1605 2166 568.
1631 2128 1665 2163 4.

1026 2188 1059 2218 p.
1090 2175 1187 2211 1324.
1215 2175 1269 2208 ed.
1296 2174 1346 2213 3.,
1381 2175 1408 2206 is
1434 2175 1581 2215 nodum,
1614 2174 1667 2208 hic

1025 2223 1235 2258 haerentem,
1262 2230 1328 2253 non
1350 2220 1579 2263 expedivisse,
1602 2220 1667 2254 sed

1023 2269 1193 2300 violenter
1219 2266 1376 2299 secuisse
1402 2266 1550 2299 videtur.
1582 2267 1665 2299 Dein

1022 2314 1115 2356 quod
1147 2314 1198 2345 bis
1231 2312 1376 2345 insertur
1413 2313 1552 2345 verbum
1579 2311 1665 2344 ιιήο-

1021 2360 1118 2403 διδῷ,
1144 2359 1176 2391 id
1204 2359 1256 2391 bis
1283 2362 1378 2391 caret
1406 2359 1561 2391 subiecto
1588 2368 1664 2398 suo,

1022 2409 1152 2438 utnon
1189 2408 1376 2447 appareat,
1413 2414 1573 2445 quorsum
1608 2413 1663 2436 re-

1022 2451 1199 2484 ferendum
1227 2451 1280 2483 sit.
1332 2450 1484 2492 Denique
1512 2460 1575 2481 nec
1600 2449 1664 2481 αὖ·

1022 2495 1083 2529 τόν
1115 2496 1236 2536 habet,
1276 2505 1438 2538 quorsum
1480 2495 1664 2536 referatur,

1022 2547 1057 2574 ut
1089 2542 1167 2574 hinc
1203 2552 1344 2583 quoque
1377 2541 1568 2573 subiectum
1601 2541 1663 2574 de-

1022 2599 1099 2621 esse
1131 2589 1349 2630 perspicuum
1382 2587 1462 2618 flatq
1505 2585 1662 2628 Longum

1023 2639 1078 2667 est
1103 2644 1255 2673 narrare,
1283 2633 1332 2666 his
1356 2633 1551 2664 mineribus
1575 2642 1662 2673 quo·

1020 2680 1126 2713 modo
1163 2680 1224 2711 viri
1261 2679 1354 2711 docti
1390 2677 1518 2711 mederi
1549 2678 1662 2710 eonati

1021 2725 1097 2758 sint.
1149 2724 1247 2766 Nam,
1275 2729 1315 2758 ut
1339 2734 1450 2767 pauca
1477 2723 1521 2757 de
1545 2724 1661 2757 multis
