1781 2971
400 699 1098 774 ARGUMENTUM.

523 835 698 870 mun!
741 834 973 872 aucun.

69 994 373 1084 posteaquam
393 1028 640 1083 expositum
671 1036 737 1070 est
760 1029 813 1071 de
835 1030 1028 1072 violenta
1045 1038 1087 1073 et
1107 1034 1425 1088 contumeliosa

69 1086 249 1128 aliorum
288 1086 575 1137 tractatione,
626 1084 857 1128 disseritur
896 1088 1078 1143 primum
1128 1090 1331 1132 universe
1372 1090 1425 1132 de

68 1142 268 1185 violentis
310 1141 579 1195 actionibus,
622 1142 780 1184 deinde
821 1159 924 1186 vero
956 1145 1101 1202 agitur
1130 1146 1340 1201 imprimis
1372 1147 1425 1188 de

68 1215 210 1241 rerum
263 1214 482 1241 sacrarum
531 1198 767 1241 violatione
820 1200 962 1255 deque
1013 1203 1331 1245 contumeliosa
1381 1204 1425 1245 in

67 1263 287 1313 parentes,
320 1256 601 1312 magistratus
621 1262 754 1309 atque
788 1257 906 1299 cives
938 1259 1198 1312 petulantia.
1260 1260 1425 1317 Dispu-

70 1319 241 1355 taturus
282 1319 425 1353 autem
468 1312 521 1354 de
558 1313 786 1355 maleficiis
827 1321 870 1355 et
909 1315 1185 1370 criminibus,
1226 1331 1337 1371 quae
1380 1318 1426 1358 in

70 1385 194 1412 sacra
235 1376 364 1424 atque
395 1369 514 1425 ipsos
555 1368 659 1411 deos
691 1371 1040 1425 committantur,
1084 1372 1246 1428 hospes
1287 1373 1425 1415 Athe-

69 1426 259 1479 niensis,
300 1425 369 1467 cui
417 1426 648 1481 primariae
692 1426 942 1482 disputandi
998 1441 1144 1484 partes
1193 1429 1427 1472 demanda-

70 1491 141 1525 tae
171 1490 287 1536 sunt,
320 1482 416 1524 loeo
448 1482 661 1537 prooemii
692 1484 979 1539 copiosiorem
1007 1486 1247 1540 praemittit
1278 1487 1427 1543 dispu-

69 1540 278 1582 tationem
310 1539 371 1580 de*
395 1539 476 1581 diis
509 1554 746 1593 eorumque
779 1541 899 1582 cultu
931 1557 982 1583 ac
1012 1543 1320 1597 veneratione,
1352 1559 1427 1585 cu·

69 1598 136 1638 ius
179 1611 346 1638 summa
385 1596 470 1638 huc
510 1597 598 1637 fere
639 1596 762 1639 redit.
840 1598 1004 1652 Nemo,
1037 1600 1204 1653 inquit,
1237 1615 1429 1655 unquam

69 1652 262 1710 prudens
295 1652 534 1707 volensque
569 1652 748 1708 impium
781 1653 988 1707 quiddam
1009 1662 1263 1711 perpetrare
1294 1671 1428 1698 ausus

73 1716 162 1763 est,
206 1710 279 1764 qui
319 1708 372 1751 de
412 1708 592 1751 deorum
630 1709 671 1750 vi
709 1717 841 1764 atque
873 1711 1050 1753 numine
1083 1719 1201 1754 recte
1233 1714 1429 1756 sentiret.

69 1767 243 1809 Positus
284 1766 395 1808 enim
436 1766 575 1808 omnis
615 1766 713 1809 fons
739 1767 975 1823 impietatis
1006 1769 1051 1810 in
1084 1784 1135 1811 eo
1180 1775 1270 1824 est,
1312 1769 1432 1825 quod

72 1823 268 1866 homines
300 1830 374 1865 aut
403 1824 580 1866 omnino
611 1839 698 1865 non
730 1824 916 1866 eredunt
948 1825 1053 1867 deos
1085 1841 1196 1880 esse,
1230 1833 1308 1868 aut
1328 1827 1432 1869 licet

71 1880 117 1922 id
158 1880 361 1934 credant,
407 1886 553 1922 tamen
595 1895 668 1922 eos
709 1895 777 1923 res
816 1881 1028 1924 humanas
1068 1897 1219 1925 curare
1250 1888 1431 1938 negant,

74 1944 149 1978 aut
188 1937 376 1991 denique
418 1937 517 1978 illos
559 1937 827 1979 arbitrantur
869 1939 1073 1995 precibus
1117 1946 1159 1982 et
1205 1940 1433 1984 sacrificiis

74 1994 190 2035 flecti
222 2009 273 2035 ac
303 1994 468 2035 moveri
499 1994 653 2035 solere.
714 1993 934 2047 Quoniam
973 2002 1117 2037 autem
1149 1997 1225 2050 qui
1246 1997 1433 2053 ‘indigne

75 2051 129 2092 de
162 2050 244 2091 diis
277 2049 480 2092 sentiunt·
495 2050 779 2106 superciliose
802 2051 1003 2093 videntur
1024 2054 1289 2108 postulaturi
1321 2069 1432 2108 esse,

73 2114 135 2161 ut,
158 2108 411 2163 priusquam
432 2122 598 2162 poenae
619 2107 673 2149 de
699 2108 922 2163 impietate
944 2109 1281 2164 constituantur,
1314 2111 1433 2167 ipsos

74 2163 333 2206 edoceamus
367 2163 546 2205 meliora
576 2170 619 2205 et
652 2163 758 2206 deos
792 2180 889 2206 esse
913 2165 1261 2209 demonstrantes
1292 2182 1435 2222 neque

74 2226 191 2263 recte
223 2220 356 2262 statui
386 2220 670 2263 ostendentes
702 2221 823 2276 quod
850 2228 1023 2278 poetae,
1055 2230 1265 2277 oratores,
1297 2231 1435 2278 vates,

77 2276 328 2319 sacerdotes
360 2276 593 2320 decantare
623 2278 816 2332 soleant,
849 2294 924 2321 eos
954 2280 1068 2322 votis
1100 2295 1152 2322 ac
1182 2281 1436 2323 muneribus

80 2334 176 2389 capi
219 2339 349 2388 atque
380 2334 568 2390 placari3
608 2335 724 2392 agite
762 2335 846 2377 hoe
884 2337 1027 2392 ipsum
1068 2336 1150 2378 iam
1190 2337 1252 2378 ita
1291 2337 1435 2379 facere

80 2404 309 2443 conemur,
351 2397 423 2444 ut,
464 2391 501 2433 si
531 2407 621 2434 non
650 2394 788 2448 ipsam
819 2391 999 2435 deorum
1029 2393 1117 2435 vim
1149 2399 1436 2449 naturamque

81 2446 249 2503 aperire
279 2447 508 2501 possimus,
544 2456 589 2490 at
618 2455 736 2491 certe
767 2449 836 2502 iis,
869 2465 980 2504 quae
1012 2450 1066 2492 ab
1104 2450 1201 2492 istis
1233 2449 1437 2493 dictitan-

82 2509 179 2556 tur,
231 2503 402 2544 veriora
449 2520 500 2546 ac
537 2505 832 2561 probabiliora
870 2506 915 2547 in
964 2505 1155 2548 medium
1194 2505 1437 2550 afferamus.

82 2560 144 2602 Et
176 2558 344 2602 Clinias
377 2561 568 2616 quidem,
603 2562 765 2620 quippe
798 2562 870 2618 qui
907 2564 1061 2605 talium
1091 2563 1439 2619 disputationum

83 2616 370 2659 subtilitatem
401 2618 592 2661 nondum
623 2620 795 2662 noverit
824 2619 1053 2676 avitaeque
1084 2619 1282 2678 religioni
1313 2621 1442 2677 plane

83 2673 140 2715 sit
170 2672 375 2716 addictus
395 2680 439 2716 et
462 2676 586 2730 quasi
607 2683 907 2732 consecratus,
929 2677 976 2719 id
996 2677 1118 2719 nullo
1149 2677 1240 2719 fere
1259 2677 1442 2734 negotio

82 2735 307 2785 peractum
351 2730 401 2772 iri
443 2732 674 2775 existimat.
746 2733 913 2777 Censet
951 2734 1065 2776 enim
1110 2733 1220 2776 illud
1270 2733 1446 2789 quidem

128 2810 220 2844 Plat.
246 2812 311 2853 Op.
341 2812 421 2845 Vol.
451 2811 492 2844 X.
521 2813 614 2845 Sect.
647 2814 715 2846 111.
1089 2816 1113 2852 Β
