1781 2971
453 155 676 199 VULGO
713 155 993 198 PLATONI
1027 162 1107 198 etc.
1374 159 1456 198 459

104 285 157 311 ne
198 271 241 311 in
279 269 474 326 Legibus
515 268 688 324 quidem
737 268 951 321 deseruit,
1001 268 1355 324 quandoquidem
1397 270 1457 312 ibi

104 342 190 368 uon
234 326 363 368 modo
403 327 524 368 Libr.
556 326 613 369 X.
655 341 695 380 p.
725 327 820 368 806.
857 327 911 367 D.
954 341 1049 380 sqq.
1090 326 1276 367 animam
1306 327 1456 368 mundi

105 399 274 425 omnem
318 398 463 425 rerum
512 382 839 424 universitatem
889 390 1179 439 permeantem
1231 390 1458 437 totumque

107 440 258 481 mundi
295 455 452 495 corpus
486 440 721 495 agitantem
753 440 880 493 tacit,
915 439 992 481 sed
1023 440 1151 481 etiam
1184 440 1242 495 (p.
1276 442 1372 481 903.
1407 439 1456 482 C.

109 499 229 551 sqq.)
264 498 408 537 omnia
439 512 464 537 a
496 496 577 537 deo
610 496 670 536 ita
701 504 848 538 creata
867 503 997 550 atque
1021 496 1219 538 ordinata
1243 511 1337 538 esse
1360 513 1459 552 pro-

103 554 301 605 nuntiat,
334 560 382 594 ut
412 553 603 595 universi
635 552 783 594 mundi
816 553 1011 594 consiliis
1045 560 1088 594 et
1118 553 1361 595 rationibus
1394 569 1461 595 sa-

104 610 374 666 pientissime
416 610 501 652 sint
543 616 842 665 attemperata.
915 609 1006 650 Iam
1048 625 1150 650 vero
1192 609 1290 650 vide
1331 626 1458 664 quam

105 667 277 709 sinistre
322 667 406 707 ista
450 666 578 708 homo
627 674 775 707 noster
818 666 1051 720 acceperit.
1127 666 1172 707 Is
1217 666 1328 706 enim
1373 683 1458 708 non

105 723 234 765 modo
282 738 449 764 omnem
496 723 750 779 religionem
797 723 851 764 ad
899 737 1008 764 unos
1057 723 1184 764 orbes
1230 723 1458 775 coelestes,

107 780 366 832 daemones,
400 780 613 834 nymphas
644 794 693 820 ac
725 779 940 821 semideos
962 779 1123 831 retulit,
1156 794 1305 820 verum
1329 780 1457 821 etiam

108 837 308 893 neglecto
352 851 518 878 summo
560 836 662 888 illo,
706 850 832 890 quem
872 836 998 877 Plato
1042 836 1217 889 statuit,
1270 837 1459 877 omnium

107 909 248 935 rerum
278 900 458 934 auctore
491 893 675 934 maxima
706 909 803 934 cum
837 894 1079 934 temeritate
1120 893 1304 933 animam
1337 909 1460 934 mun-

108 950 262 991 danam
296 949 425 990 finxit
455 965 596 990 rerum
628 959 759 1003 atque
792 949 1072 990 animantium
1105 950 1458 1004 procreatricem,

106 1016 153 1048 ut
195 1022 244 1048 ea
284 1021 419 1062 prope
466 1005 638 1048 easdem
679 1014 782 1062 agat
823 1014 992 1062 partes.
1041 1022 1151 1060 quae
1201 1007 1244 1046 in
1280 1006 1458 1047 Timaeo

106 1079 271 1106 summo
305 1062 385 1104 deo
419 1062 704 1104 demandatae
737 1071 858 1116 sunt3
898 1063 942 1104 id
975 1063 1092 1118 quod
1126 1079 1179 1104 ex
1210 1063 1262 1104 iis
1295 1063 1457 1104 clarum

106 1121 184 1162 fiet
215 1135 264 1162 ae
292 1120 585 1174 perspicuum,
620 1135 731 1174 quae
762 1137 802 1175 p.
824 1121 920 1161 984.
943 1119 992 1161 C.
1025 1135 1120 1174 sqq.
1152 1120 1205 1160 ab
1238 1120 1333 1174 ipso
1360 1127 1461 1161 sunt

109 1177 349 1232 proposita.
420 1176 512 1216 Iani
548 1192 648 1218 vero
679 1192 761 1217 nec
792 1176 898 1217 illud
932 1177 1001 1218 hic
1033 1177 1204 1218 silentio
1238 1184 1304 1217 est
1336 1192 1458 1232 prae—

107 1233 455 1286 termittendum,
498 1233 614 1287 quod
657 1250 695 1289 p.
727 1236 823 1274 977.
867 1234 919 1274 E.
959 1249 1055 1288 sqq.
1097 1233 1376 1275 contenditur
1416 1240 1461 1274 et

108 1296 407 1341 asseveratur,
441 1289 656 1343 quidquid
687 1305 871 1344 usquam
902 1291 1005 1331 boni
1040 1296 1181 1342 extet,
1224 1289 1267 1330 id
1300 1305 1352 1330 ex
1385 1305 1460 1331 nu-

108 1363 224 1389 mero
255 1361 376 1389 suam
406 1346 575 1387 trahere
609 1347 834 1402 originem.
895 1347 1006 1388 Nam
1039 1346 1277 1388 secundum
1312 1346 1460 1387 Plato-

110 1420 205 1446 nem
238 1404 377 1445 omnis
410 1403 621 1445 bonitatis
655 1407 867 1458 cuiusque
900 1405 997 1445 fons
1032 1419 1082 1445 ac
1112 1403 1373 1458 principium
1419 1404 1460 1444 in

108 1477 195 1502 uno
246 1460 326 1502 deo
360 1467 490 1513 atque
535 1460 644 1500 ideis
687 1462 957 1513 continetur,
1007 1475 1268 1515 quamquam
1310 1459 1460 1501 eodem

108 1517 252 1558 iudice
285 1518 329 1557 in
364 1516 651 1570 adspectaliili
684 1533 822 1558 rerum
857 1524 1010 1558 natura
1032 1517 1158 1557 etiam
1184 1531 1460 1557 numerorum

110 1575 295 1615 maxima
327 1574 389 1614 vis
424 1581 467 1614 et
498 1573 693 1614 efficacia
725 1574 937 1623 cernitur-3
982 1589 1108 1628 quam
1141 1573 1353 1613 rationem
1385 1572 1461 1614 ho-

109 1647 178 1672 mo
220 1637 368 1671 noster
407 1630 639 1684 pervertit,
681 1646 766 1683 quo
808 1631 1066 1672 illustriores
1108 1630 1277 1671 scilicet
1308 1628 1461 1671 laudes

109 1688 438 1728 mathematicae
470 1687 737 1728 exsisterent.
815 1687 900 1729 Sed
935 1689 1039 1728 satis
1073 1687 1156 1727 iam
1189 1686 1461 1727 testimonio—

109 1760 229 1796 rum,
275 1744 452 1799 opinor,
508 1743 622 1784 unde
668 1744 902 1798 aliquando
954 1750 1184 1798 appareat,
1237 1750 1460 1783 auctorem

111 1799 387 1857 Epinomidis
421 1814 472 1840 ne
504 1799 547 1839 in
579 1800 762 1855 singulis
784 1800 958 1854 quidem
982 1801 1206 1841 doctrinae
1229 1813 1333 1841 suae
1362 1814 1460 1854 par-

111 1859 229 1899 tibus
261 1872 357 1898 cum
391 1871 597 1911 germana
628 1856 824 1898 Platonis
866 1857 1088 1909 doctrina,
1132 1857 1261 1897 etiam
1302 1857 1343 1896 in
1380 1856 1463 1896 Le-

111 1915 237 1970 gibus
261 1913 476 1968 explicata
499 1912 586 1965 illa,
617 1928 933 1967 usquequaque
960 1913 1219 1954 consentire.
1280 1912 1349 1952 Ex
1375 1927 1462 1965 quo

113 1971 307 2026 profecto
341 1968 557 2020 efficitur,
591 1976 639 2009 ut
670 1970 796 2010 etiam
829 1969 940 2010 hanc
971 1970 1026 2010 ob
1058 1984 1256 2010 caussam
1288 1968 1462 2008 minime

113 2025 320 2068 credibile
361 2025 442 2077 sit,
491 2025 682 2066 libellum
723 2041 748 2066 a
776 2026 959 2066 Platone
999 2025 1134 2067 literis
1165 2031 1387 2066 exaratum
1420 2031 1463 2064 et

113 2082 359 2140 posteritati
391 2090 612 2136 tamquam
645 2081 911 2123 haereditate
943 2082 1139 2124 relictum
1173 2096 1280 2123 esse.

227 2139 316 2182 Sed
347 2138 567 2195 pergimus
591 2138 765 2179 tandem
798 2139 851 2179 ad
874 2144 1075 2193 quartum
1096 2138 1218 2191 illud,
1250 2140 1364 2178 unde
1388 2153 1462 2178 an-

113 2204 183 2237 tea
223 2211 433 2250 apparere
474 2195 762 2237 iudicavimus
795 2196 893 2236 libri
935 2196 1215 2250 scriptionem
1248 2210 1333 2235 non
1368 2208 1462 2235 esse

113 2254 283 2293 Platoni
317 2252 652 2293 attribuendam.
723 2253 789 2293 De
831 2268 916 2306 quo
951 2260 1094 2293 tamen
1124 2252 1221 2293 loco
1252 2250 1465 2306 paucissi-

114 2310 195 2351 mis
227 2309 446 2363 explicare
487 2308 649 2349 licebit.
719 2310 892 2350 Etenim
936 2315 1002 2349 est
1043 2309 1171 2349 etiam
1214 2306 1464 2362 disputandi

117 2367 251 2417 ratio,
296 2380 404 2418 quae
438 2365 479 2405 in
513 2365 597 2406 hoc
628 2380 756 2420 opere
789 2365 1056 2430 dominatur,
1098 2371 1183 2405 tam
1214 2364 1346 2414 iners,
1380 2370 1465 2403 tam

114 2425 264 2475 fatua,
297 2428 384 2462 tam
417 2420 602 2475 denique
634 2423 795 2477 inepta,
829 2429 877 2462 ut
908 2437 1043 2477 prope
1077 2422 1191 2462 omni
1214 2420 1467 2462 subtilitatis

118 2478 245 2520 laude
278 2483 424 2519 careat
455 2484 586 2531 atque
618 2477 814 2520 Platonis
854 2479 1030 2534 ingenio
1069 2476 1373 2533 indignissima
1405 2477 1468 2516 vi-

117 2536 285 2577 deatur.
346 2534 484 2574 Deest
514 2534 625 2574 enim
658 2535 842 2588 primum
883 2546 1088 2576 accurata
1116 2549 1257 2574 rerum
1290 2548 1340 2574 ac
1371 2548 1468 2574 sen-

119 2592 352 2634 tentiarum
395 2589 629 2645 dispositio
669 2606 718 2633 ao
757 2591 1018 2646 descriptio,
1070 2590 1162 2631 sine
1215 2605 1299 2643 qua
1348 2590 1466 2630 nullo

118 2648 247 2690 modo
278 2646 374 2689 fieri
418 2653 586 2701 potest,
628 2654 675 2688 ut
716 2655 832 2690 recte
866 2647 1075 2703 procedat
1105 2646 1355 2702 disputandi
1393 2660 1466 2687 ne-

119 2705 298 2761 gotium.
370 2703 438 2744 Ex
468 2717 554 2757 quo
589 2704 754 2756 evenit,
799 2711 847 2746 ut
879 2720 1020 2746 sermo
1050 2709 1217 2744 tantum
1250 2719 1335 2744 non
1372 2702 1464 2743 ubi-
