1781 2971
271 141 350 184 DE
386 140 663 184 LEGIBUS
698 139 816 182 LIB.
851 138 931 180 IX.
970 138 1015 179 P.
1049 139 1144 180 853.
1181 138 1244 181 St.
1418 142 1464 180 13

105 261 374 316 νομοθετεῖν
411 254 910 315 προκαταλαμβάνοντα
947 258 1021 299 καὶ
1058 255 1347 305 ἀπειλοῦντα,
1387 255 1463 298 ἐάν

104 343 170 378 τις
207 328 414 376 τοιοῦτος
448 329 666 379 γίγνηται,
702 326 775 366 καὶ
796 323 966 366 τούτων
987 321 1251 380 ἀποτροπῆς
1277 339 1319 365 τε
1339 326 1464 366 ἕνεκα

105 397 178 437 καὶ
214 398 460 449 γενομένων
493 390 712 441 κολάσεως
760 392 939 434 τιθέναι
985 389 1055 432 ἐπ’
1098 389 1253 440 αὐτοῖς
1288 387 1465 444 νόμους,

105 459 162 510 ὡς
197 464 439 516 ἐσομένους,
475 456 584 514 ὅπερ
620 457 762 513 εἶπον,
801 455 984 514 αἰσχρὸν
1018 460 1096 511 μέν
1136 473 1234 499 τινα
1271 454 1464 512 τρόπον·

105 527 252 578 ἐπειδὴ
288 529 332 570 δὲ
370 525 445 575 οὐ,
492 524 707 579 καθάπερ
755 528 796 567 οἱ
834 525 1016 566 παλαιοὶ
1052 526 1303 576 νομοθέται
1341 525 1466 567 θεῶν

106 597 230 636 παισὶ
266 591 651 648 νομοθετούμενοι
686 599 779 640 τοῖς
817 589 1001 646 ἥρωσιν,
1051 588 1107 638 ὡς
1143 588 1165 632 ὁ
1207 591 1285 632 νῦν
1321 590 1466 643 λόγος,

106 661 238 703 αὐτοι
275 660 304 702 τ’
343 665 388 702 ἐκ
424 661 550 701 θεῶν
586 658 711 706 ὄντες
745 654 899 705 ἄλλοις
935 673 980 698 τε
1017 660 1061 697 ἐκ
1100 655 1314 699 τοιούτων
1343 674 1464 711 γεγο-

104 726 231 769 νόσιν
268 727 586 778 ἐνομοθέτουν,
622 722 712 765 ἀλλ’
754 720 1000 778 ἄνθρωποί
1036 739 1080 765 τε
1110 725 1182 764 καὶ
1200 721 1464 778 ἀνθρώπων

103 797 319 847 σπέρμασι
364 791 704 845 νομοθετοῦμεν
752 790 805 832 τά
853 791 954 838 νῦν,
993 788 1265 843 ἀνεμέσητον
1301 788 1353 834 δὴ
1381 806 1464 846 φο-

101 860 300 913 βεῖσθαι,
348 856 407 911 μή
457 874 523 907 τις
570 861 820 911 ἐγγίγνηται
869 857 955 899 τῶν
992 858 1186 899 πολιτῶν
1226 855 1327 912 ἡμῖν
1367 855 1464 900 οἷον

102 924 376 980 κεραςβόλος.
416 922 462 973 ὃς
499 922 734 978 ἀτεράμων
771 929 828 973 εὶς
865 925 1085 967 τοσοῦτον
1121 922 1251 981 φύσει
1275 922 1451 977 γίγνοιτ’

196 1102 233 1133 C.
264 1099 317 1133 ὠς
343 1100 600 1142 ἐσομένους]
635 1099 813 1140 ἐσομένοις
837 1102 926 1134 coni.
954 1100 1074 1142 steph.
1105 1100 1261 1134 Frustra.

196 1155 291 1190 οἷον
317 1154 608 1200 κεραςβόλοε]
645 1155 863 1200 κερασφόρος
894 1157 915 1189 f.
947 1168 976 1189 a.
1013 1157 1134 1190 Paullo
1171 1162 1251 1191 ante
1277 1158 1382 1190 Voss.
1413 1157 1462 1188 δεῖ

105 1204 300 1245 φοβεῖσθαι
325 1214 387 1247 pro
414 1201 455 1244 δὴ
483 1213 519 1243 φ.

103 1341 165 1375 sed
191 1346 314 1374 neutro
338 1349 466 1382 genere
493 1341 602 1382 accipi
629 1339 744 1372 debet.

105 1388 332 1421 Accusativus
356 1385 540 1426 ἐσομένους
555 1395 638 1419 vero
666 1392 746 1427 post

104 1432 163 1475 ais,
189 1435 209 1466 i.
226 1444 256 1466 e.
283 1434 473 1474 νομίζοντα,
499 1442 566 1464 non
585 1431 748 1464 abhorret

104 1481 148 1512 ab
173 1490 241 1512 usu
267 1479 449 1520 loquendi,
482 1477 525 1510 de
550 1487 618 1518 quo
644 1487 674 1508 v.
702 1477 747 1510 ad

105 1524 282 1558 Phaedon.
309 1535 341 1563 p.
369 1523 448 1558 109.
475 1523 521 1555 D.
538 1522 648 1564 Legg-
671 1522 695 1555 1.
718 1534 748 1564 p.

103 1570 191 1605 643.
219 1570 258 1602 D.
287 1570 352 1603 VI.
378 1581 409 1611 p.
436 1569 511 1604 762.
541 1567 581 1601 Ε.
610 1568 686 1602 766.
711 1569 750 1601 E.

102 1615 180 1651 783.
207 1615 246 1648 D.
274 1615 337 1649 IX.
363 1615 442 1649 874.
474 1615 511 1647 Β.
539 1615 620 1646 coil.
643 1614 747 1646 Mat-

104 1662 221 1695 thiae
248 1661 309 1694 Gr.
335 1661 414 1696 565.
441 1661 473 1695 3.
503 1660 642 1702 Quippe
663 1670 743 1701 per·

102 1709 188 1741 tinet
213 1707 270 1739 iile
294 1717 361 1739 non
386 1708 430 1739 ad
457 1704 599 1746 νόμους,
626 1705 688 1738 sed
702 1705 745 1738 ad

105 1752 194 1790 τινὰς
226 1751 426 1793 τοιούτους,
463 1751 556 1795 quod
592 1753 682 1784 inest
713 1752 745 1784 in

103 1800 216 1832 verbis
244 1799 472 1841 antegressis.
522 1798 646 1839 Itaque
678 1807 744 1830 non

101 1844 294 1878 audiendus
350 1849 403 1877 est
449 1843 742 1886 VoegeHnuu,

101 1891 158 1931 qui
191 1888 364 1922 τοιούτοις
401 1900 478 1923 cum
513 1890 743 1932 Stephano

103 1937 258 1977 requirit.

147 1978 369 2023 ἐπειδὴδὲ
395 1977 454 2018 ου’,
479 1979 740 2023 καθάπερ-]

101 2027 283 2059 Structura
322 2026 509 2061 ‚verborum
547 2025 632 2059 haee
670 2030 743 2060 est:

101 2071 221 2114 ἐπειδὴ
246 2071 282 2104 δὲ
308 2068 351 2103 οὐ
369 2071 656 2114 (νομοθετοῦμεν,
679 2071 742 2104 hoc

101 2119 188 2151 enim
216 2128 257 2151 ex
282 2117 432 2150 secunda
458 2122 556 2160 parte
576 2118 741 2150 enuntiati

101 2164 163 2196 huc
196 2173 334 2204 qnoque
364 2163 598 2205 trahendum)
631 2162 741 2196 καθά-

101 2221 165 2251 περ
198 2210 236 2241 οἱ
264 2209 399 2241 παλαιοὶ
439 2209 644 2249 νομοθέται,
681 2221 739 2241 νο-

101 2253 368 2295 μοθετούμενοι,
400 2252 447 2287 ais
485 2253 504 2287 ὁ
537 2256 602 2288 νῦν
627 2255 743 2299 λόγος,

104 2301 196 2333 θεῶν
229 2301 322 2333 παισὶ
348 2305 418 2337 τοῖς
443 2299 588 2343 ἥρωσιν,
619 2301 740 2342 ἐνομο-

103 2346 244 2385 θέτουν,
267 2344 372 2380 αὐτοί
401 2357 433 2379 τε
463 2346 560 2379 ὄντες
584 2347 621 2380 ἐκ
646 2348 742 2380 θεῶν

101 2391 214 2425 ἄλλοις
239 2404 280 2425 ιε’
295 2392 332 2425 ἐκ
356 2392 524 2426 τοιούτων
548 2393 740 2437 γεγονόσιν.

101 2440 140 2471 In
167 2439 291 2479 quibus
315 2444 493 2480 postremo
511 2441 737 2473 constructio-

102 2494 178 2516 nem
207 2489 301 2524 patet
326 2495 387 2526 per
409 2485 664 2518 anac‹›111thtam
694 2488 740 2519 ie-

102 2527 362 2563 viter'inflcxam
382 2541 472 2572 esse,
489 2531 657 2573 siquidem
685 2542 741 2565 ex-

101 2576 302 2617 spectabas:
343 2573 454 2608 ἅλλοις
486 2589 516 2609 τε
550 2576 585 2609 ἐκ
618 2578 683 2609 τῶν
714 2590 739 2609 ι.

102 2619 264 2662 γεγονόσι
306 2622 596 2660 νομοθετοῦντες,
649 2625 741 2665 qnod

98 2673 214 2701 tamen
241 2677 302 2699 cur
328 2667 490 2701 evitatum
517 2673 581 2709 sit,
614 2679 742 2703 caussn

99 2717 133 2746 in
153 2718 288 2755 promtu
310 2718 373 2746 eat.
400 2713 562 2747 ceterum
587 2715 740 2748 animad-

814 1344 928 1373 vertas
960 1340 1193 1382 promiseuum
1228 1350 1328 1373 usum
1363 1341 1457 1374 verbi

814 1386 917 1419 activi
948 1390 1056 1428 atque
1090 1386 1209 1423 medii,
1242 1386 1458 1428 quandoqui-

816 1432 895 1465 dem
919 1436 953 1464 et
973 1430 1272 1472 νομοθετούμενοι
1286 1439 1321 1465 et
1336 1431 1457 1472 ἐνομο-

816 1478 948 1510 θέτουν
975 1478 1019 1511 ad
1056 1478 1143 1511 deos
1167 1479 1319 1511 refertur
1344 1479 1459 1522 legum

819 1529 990 1557 auctores.

869 1566 964 1601 οἷον
1003 1567 1296 1611 κεραςβόλος]
1347 1569 1391 1602 Η.
1427 1580 1457 1602 e.

817 1615 971 1655 durus,
1013 1615 1312 1657 praefractus,
1358 1625 1458 1647 con-

816 1667 976 1693 tumax.
995 1660 1182 1693 Enimvero
1201 1661 1342 1703 proprie
1359 1661 1458 1693 intei-

817 1708 934 1749 ligitur
974 1706 1077 1739 homo
1120 1712 1276 1740 naturam
1319 1705 1459 1739 seminis

814 1754 962 1793 imitans,
980 1752 1072 1794 quod
1100 1763 1205 1785 cornu
1230 1753 1357 1794 tetigit.
1376 1753 1458 1786 Cre-

814 1799 942 1847 debant
985 1799 1078 1831 enim
1121 1803 1276 1839 veteres,
1316 1799 1461 1838 semina,

813 1855 914 1887 quae,
929 1844 1011 1877 dum
1029 1845 1234 1887 iacerentur,
1256 1846 1361 1877 boum
1382 1855 1458 1877 cor·

811 1901 877 1924 nua
903 1891 1119 1932 tetigissent,
1157 1892 1340 1933 provenire
1377 1890 1460 1922 dura

813 1941 847 1969 et
878 1936 1050 1968 incoctilia
1085 1946 1125 1967 ac
1157 1937 1323 1970 resistere
1354 1938 1458 1969 elixa-

812 1983 917 2020 tioni,·
957 1991 1058 2023 quam
1093 1982 1251 2015 rusticam
1290 1984 1442 2024 supersti

811 2029 943 2061 tionem
969 2026 1060 2060 ridet
1085 2026 1379 2070 Theophrast.
1408 2029 1459 2059 De

812 2074 945 2106 caussis
971 2074 1117 2115 plantor.
1144 2073 1236 2106 Libr.
1255 2075 1319 2105 IV.
1343 2085 1371 2106 c.
1401 2073 1454 2107 14.

811 2120 932 2161 ltaque
959 2118 1130 2152 eiusmodi
1157 2120 1329 2161 legumina
1358 2130 1456 2152 voca-

810 2170 889 2198 runt
913 2163 1116 2207 κεραςβόλα.
1165 2165 1236 2198 Sed
1269 2166 1359 2198 idem
1394 2176 1450 2198 vor

811 2210 1454 2244 cabuiumtraduxeruntdeindeetiam

811 2257 853 2289 ad
886 2256 1041 2290 homines
1076 2256 1262 2296 indocilem,
1296 2268 1454 2299 inparue,

811 2303 929 2342 dmm,
950 2313 990 2335 ac
1016 2303 1140 2335 nuliius
1167 2302 1368 2344 disciplinne
1395 2313 1454 2344 pa-

809 2350 947 2382 tientes
999 2349 1109 2381 Docte
1148 2358 1245 2380 usum
1290 2349 1454 2390 loquendi

810 2394 995 2427 illustravit
1025 2393 1246 2427 Ruhnken.
1279 2393 1324 2427 nd
1361 2394 1452 2427 Tim.

811 2441 929 2472 Gloss.
958 2450 991 2482 p.
1018 2438 1085 2473 155
1112 2450 1186 2482 sqq.
1215 2440 1378 2482 quiq-iae
1394 2451 1453 2472 ex-

810 2487 941 2528 posuit,
968 2485 1010 2517 iis
1034 2485 1114 2518 addi
1133 2489 1280 2528 possunt
1294 2496 1383 2527 quae
1401 2485 1452 2518 di-

812 2531 942 2573 sputari
979 2533 1202 2565 meminimus
1238 2543 1259 2564 a
1296 2532 1452 2565 Reine-

810 2579 874 2610 sio
909 2577 1003 2610 Varr.
1041 2577 1153 2609 Lectt.
1193 2577 1285 2609 Libr.
1319 2577 1382 2610 ΙΙΙ.
1421 2589 1452 2619 p.

811 2624 890 2659 477.

859 2671 898 2701 D.
953 2666 999 2700 ὃς
1046 2665 1265 2710 ἀτεράμων
1311 2668 1370 2701 εἰς
1425 2681 1447 2699 τ,

812 2716 876 2756 ou]
920 2714 1193 2758 Phrynichus
1229 2715 1260 2746 in
1294 2714 1448 2747 Bekkcri

1509 933 1545 973 Ιζ)
