1781 2971
237 166 317 207 Du
349 162 622 207 LEGIBUS
659 132 776 205 [σιξ.
812 163 893 205 xl.
928 164 975 205 P.
1012 165 1106 205 σιτ.
1141 163 1206 207 st.
1333 165 1413 206 261

56 300 132 336 της
169 285 246 335 τῆς
283 281 447 338 ἡμέρας
481 280 540 337 μὴ
588 282 746 341 τιμήσῃ
782 284 964 331 πλέονος
1010 283 1118 337 μηδὲ
1155 280 1415 331 ἐλάττονος·

55 354 234 400 ἔπαινος
281 352 326 392 δὲ
375 348 506 406 ὅρκος
557 365 601 391 τε
646 355 743 404 περὶ
789 347 957 398 παντὸς
1006 350 1084 391 τοῦ
1130 350 1414 403 πωλουμένου

52 417 243 460 ἀπέστω.
277 415 357 459 ἐὰν
394 419 438 459 δε
472 433 537 465 τις
569 417 742 475 ἀπειθῇ
781 414 969 465 τούτοις,
1005 413 1028 458 ὁ
1063 413 1415 470 παρατυγχάνων

54 487 142 526 τῶν
179 483 353 532 ἀστῶν,
404 481 463 537 μὴ
502 486 690 526 ἔλαττον
736 482 762 535 ἣ
805 483 1043 537 τριάκοντα
1093 481 1284 535 γεγονώς
1328 486 1416 534 ἔτη,

53 551 251 604 κολάζων
286 553 365 605 μὲν
404 551 482 593 τὸν
519 549 718 605 ὀμνύντα
741 548 874 592 ἀνατὶ
896 554 1089 591 τυπτέτω
1123 565 1202 599 τις,
1239 548 1415 607 ἀφρον-

53 621 213 661 τιστῶν
251 620 294 660 δὲ
331 621 401 659 καὶ
438 617 648 659 ἀπειθῶν
683 621 834 671 ἔνοχος
871 622 978 658 ἔστω
1015 614 1145 674 ψόγῳ
1171 618 1416 672 προδοσίας

52 687 140 727 τῶν
178 684 341 739 νόμων.
379 683 458 727 τὸν
493 686 536 727 δὲ
574 681 626 735 δὴ
658 683 865 738 κίβδηλόν
903 700 941 725 τι
979 684 1214 724 πωλοῦντα
1241 685 1314 725 καὶ
1350 682 1411 737 μὴ

52 751 299 807 δυνάμενον
334 759 426 801 τοῖς
471 752 551 793 νῦν
588 753 840 793 πείθεσθαι
884 750 1032 802 λόγοις
1078 747 1101 791 ὁ
1137 748 1410 804 προςτυγχοὶ-

50 835 138 860 νων
177 820 265 859 τῶν
298 815 646 871 γιγνωσκόντων,
686 815 875 867 δυνατὸς
908 814 970 858 ὢν
1007 816 1247 872 ἐξελέγχειν,
1286 821 1412 859 ἐναν-

51 889 146 927 τίον
181 884 351 936 ἐλέγξας
386 887 473 926 τῶν
509 883 761 940 ἀρχόντων,
814 882 837 927 ὁ
882 886 961 938 μὲν
997 885 1158 933 δοῦλος
1203 885 1409 942 φερέσθω

50 950 100 995 τὸ
138 953 432 1006 κιβδηλευθὲν
468 953 539 994 καὶ
574 949 596 993 ὁ
632 955 844 1005 μέτοικος,
880 949 903 993 ὸ
930 953 974 993 δὲ
997 953 1178 1003 πολίτης
1206 948 1267 1006 μὴ
1298 953 1412 1004 ἐλέγ-

51 1131 94 1160 A.
108 1127 145 1160 Ω.
159 1128 217 1159 v.f.
230 1137 418 1160 r.a.c.o.x.
447 1127 564 1158 addidi
597 1139 655 1159 nc.
683 1127 902 1169 Quamquam
925 1137 1046 1172 mergo
1072 1125 1108 1157 Ω.
1137 1132 1169 1157 et
1188 1139 1216 1158 a.
1244 1126 1327 1158 llaec
1353 1126 1409 1158 lia-

50 1177 124 1209 bet:
152 1173 184 1205 ἒν
210 1172 326 1209 ἄλλοις
358 1175 514 1204 ‘svn-[5¹1
532 1186 555 1203 ω
581 1172 660 1204 ἄνευ

691 1177 754 1205 τοῦ
780 1186 854 1209 τις.
882 1174 938 1204 καὶ
965 1173 1073 1206 καλῶς
1112 1172 1182 1204 Sed
1204 1178 1298 1204 recte.
1318 1173 1407 1204 Hei·-

51 1229 164 1253 mann.
196 1231 240 1251 us
272 1221 317 1251 ita
345 1219 490 1260 probat,
525 1223 561 1249 ut
588 1220 848 1260 interpretetur:
886 1220 1087 1261 quisquis
1114 1223 1199 1255 est,
1227 1219 1407 1259 aliquis,

50 1269 293 1307 quicunque
319 1269 400 1297 est.
429 1276 458 1296 v.
485 1264 569 1297 infra
597 1265 773 1306 interpret.

49 1425 123 1466 ipsa
150 1423 293 1455 Solonis
320 1434 416 1464 esse,
449 1424 525 1455 inde
554 1424 694 1455 coniici-

48 1480 135 1507 mus,
161 1469 252 1510 qnod
280 1469 420 1502 Athenis
449 1471 524 1511 lege
548 1470 691 1502 vetitum

48 1517 156 1548 fuisse
199 1516 327 1556 fertur,
365 1526 406 1548 ne
442 1516 516 1557 quis
550 1516 582 1547 in
616 1516 692 1548 foro

49 1562 276 1599 mentiretur3
314 1572 343 1592 v.
387 1561 599 1602 Hyperidem
636 1573 690 1603 ap.

47 1608 257 1662 Harppcrat.
293 1617 324 1648 p.
361 1607 436 1641 164.
478 1619 504 1638 s.
542 1617 573 1638 v.
604 1606 688 1638 κατά

47 1651 112 1694 τήν
137 1650 265 1695 ἀγορὰν
285 1650 462 1695 α’ψευὸεῖν,
491 1659 523 1684 et
543 1663 631 1693 quae
649 1653 692 1685 <le

47 1699 77 1732 li.
102 1700 310 1731 ldisseruit
330 1699 466 1731 Petit.
493 1699 601 1740 legg.
620 1702 689 1731 Att.

48 1746 92 1776 V.
117 1744 151 1785 3,
182 1745 216 1777 2.
237 1756 269 1786 p.
287 1745 365 1778 404.
396 1745 587 1777 Platner.
609 1748 689 1776 Pro-

47 1802 134 1824 cess.
167 1801 199 1822 u.
232 1791 334 1833 Klag.
372 1792 450 1822 Vol.
491 1791 529 1824 ll.
566 1802 596 1832 p.
624 1791 692 1825 339

46 1848 98 1878 sq.
147 1837 224 1870 Qua
257 1847 298 1869 ex
331 1838 409 1878 lege
450 1837 522 1868 illic
555 1847 692 1878 quoque

47 1882 201 1924 ψεύδους
237 1893 340 1924 agere
390 1883 530 1915 licuisse
572 1883 690 1914 verisi-

46 1929 221 1961 millimum
257 1933 328 1967 est,
363 1929 392 1959 si
423 1930 499 1968 quis
530 1935 588 1959 aut
615 1939 694 1969 pre-

47 1976 131 2006 tinm
150 1975 291 2006 nimium
317 1973 504 2005 indicasset
526 1980 583 2005 ant
601 1976 692 2007 dlem

47 2021 143 2060 operi
159 2019 372 2051 absolvendo
395 2030 460 2051 non
478 2022 692 2053 smvassetf‘

47 2066 97 2098 De
108 2066 245 2097 menda‹
255 2067 293 2096 iis
304 2065 333 2096 in
345 2065 591 2097 venumdandis
604 2076 691 2098 mer-

47 2112 142 2144 cibus
167 2111 327 2143 admissis
354 2112 406 2143 lex
434 2117 487 2144 est
502 2112 593 2153 apud
616 2112 690 2144 De-

47 2157 203 2190 mosth.
230 2157 308 2188 adv.
326 2156 465 2198 Leptin.
489 2169 521 2199 p.
536 2157 615 2192 459.
642 2159 691 2189 De

47 2205 158 2245 pretio
184 2213 295 2235 rerum
326 2204 494 2236 venalium
513 2209 627 2236 autem
645 2205 691 2236 le-

47 2249 149 2290 gibus
167 2249 314 2290 publicis
341 2250 533 2281 constituto
554 2260 584 2281 v.
604 2260 692 2290 quae

49 2295 235 2335 disputavit
281 2295 499 2327 Beckerus
537 2297 568 2328 in
601 2296 688 2328 Clua-

48 2340 128 2372 ricle
158 2340 230 2371 Vol.
256 2340 280 2371 l.
308 2350 340 2380 p.
367 2341 434 2375 276
460 2352 535 2382 sqq.

94 2386 133 2419 C.
165 2386 345 2424 ἔπαινος
377 2386 420 2418 δὲ
453 2386 605 2430 ἕρκος]
642 2387 689 2419 Η.

49 2443 78 2464 e.
127 2441 266 2463 rerum
322 2434 543 2465 venalium
601 2433 689 2465 lau-

47 2476 169 2510 datio
222 2477 504 2518 interposito
555 2479 691 2511 etiam

47 2521 336 2555 iureiurando
376 2524 504 2555 absit.
557 2524 688 2556 Locum

50 2573 242 2600 memorant
276 2568 432 2603 Euseb,
466 2569 590 2611 Praep.
629 2570 690 2604 Ev.

49 2614 146 2646 Xlll.
193 2625 225 2656 p.
263 2613 342 2648 673.
390 2614 595 2647 Clemens
640 2617 691 2650 Al.

48 2660 214 2692 Stromm.
239 2661 283 2691 V.
312 2671 343 2701 p.
371 2660 449 2694 249.
474 2671 517 2692 Ξ
536 2661 613 2695 707.
641 2661 694 2694 ed.

50 2707 177 2738 Potter.
206 2705 358 2746 Paedag.
386 2707 444 2739 lll.
472 2717 503 2747 p.
530 2707 608 2741 299.
637 2707 692 2738 ubi

50 2756 211 2793 corrupte
236 2752 394 2785 scribitur
420 2753 585 2788 ἐπαίτιος.
629 2752 692 2785 Ce-

764 1429 873 1455 terum
900 1423 1011 1455 ⁴rideri
1052 1422 1136 1454 haec
1173 1422 1330 1454 videntur
1365 1422 1408 1454 ab

768 1469 953 1501 Alexide
987 1468 1077 1510 apud
1106 1468 1235 1499 Athen.
1269 1479 1300 1510 p.
1328 1468 1406 1502 226.

764 1519 810 1547 A:
842 1511 893 1547 Ου’
919 1517 1031 1558 γέγονε
1063 1516 1220 1554 κρείττων
1254 1513 1406 1556 νομοθέ-

762 1573 821 1601 της
858 1562 923 1592 τοῦ
966 1562 1132 1592 πλουσίου
1170 1559 1408 1601 Ἀριστονίκου

762 1607 963 1648 (Platonem
985 1607 1096 1646 dicit).
1114 1607 1238 1646 τίθησι
1254 1603 1319 1648 γὰρ
1335 1607 1407 1636 νυνὶ

760 1662 887 1694 τσμον
927 1654 1000 1684 Τῶν
1039 1652 1267 1691 ιχθυοπωλῶν
1315 1649 1408 1687 δ’ςτις

759 1697 803 1729 ἁί
828 1699 945 1730 πωλῶν
980 1710 1049 1729 τινι
1073 1693 1221 1740 Ἰχθῦν
1234 1695 1406 1743 υποτιμή-

762 1755 822 1779 σας
852 1742 1003 1776 ἀποδῶτ’
1037 1742 1220 1780 ἐλάττονος
1245 1737 1309 1778 Ἡς
1335 1755 1361 1774 ε
1367 1755 1407 1775 πε

759 1791 872 1831 τιιιῆς,
900 1792 946 1828 εἰς
962 1787 1000 1821 τὸ
1024 1788 1260 1831 δεσμωτήριον
1280 1787 1408 1826 Εὐθὺς

758 1834 963 1877 α’ποὶγεσθαι
988 1846 1054 1867 τοι
1060 1847 1136 1874 τον
1171 1834 1227 1866 ἵνα
1252 1833 1406 1866 δεδοικό-

762 1894 817 1920 τες
853 1884 920 1923 Της
945 1879 966 1912 α’
970 1882 1040 1916 ‘ilas
1067 1877 1262 1922 αγαηῶσιν,
1299 1878 1322 1921 ἡ
1345 1884 1408 1921 τῆς

762 1929 903 1971 ἑσπέρας
928 1925 1094 1968 Σαπροῦς
1132 1925 1244 1957 ἆ’πανῑ
1252 1938 1292 1960 ας
1318 1922 1406 1956 dno

761 1980 906 2016 φέρωσιν
935 1974 1061 2005 οἴκαδε.
1087 1972 1259 2004 Nimirum
1278 1971 1320 2003 ab
1345 1970 1409 2005 lioe

761 2023 863 2061 poe'la
888 2030 990 2060 quum
1011 2019 1036 2050 1.
1042 2029 1121 2061 eges
1148 2023 1220 2050 tum
1241 2019 1303 2050 alia
1326 2017 1405 2050 Pla-

761 2067 850 2098 tonis
878 2066 1002 2108 scripta
1036 2064 1221 2096 identidem
1251 2064 1343 2104 carpi
1369 2074 1409 2096 ac

761 2112 909 2143 vellicari
945 2115 1043 2143 recte
1075 2111 1199 2141 statuit
1225 2109 1406 2142 Meinek.

764 2158 853 2191 Hist.
888 2157 972 2190 Crit.
1018 2167 1049 2198 p.
1082 2155 1161 2191 381.
1205 2160 1240 2188 et
1271 2155 1407 2195 Fragm.

761 2203 861 2236 Com.
896 2203 965 2238 ΙΙΙ.
997 2202 1076 2237 383.
1102 2202 1182 2236 451.
1213 2200 1292 2236 455.
1323 2199 1403 2235 468.

761 2254 796 2282 et
838 2249 1067 2282 Bekkerus
1108 2248 1258 2280 Charicl.
1301 2248 1330 2279 I.
1371 2258 1403 2288 p.

760 2296 827 2330 276
843 2306 893 2336 sq.
920 2296 976 2327 ubi
1005 2297 1106 2326 eiiam
1121 2294 1221 2325 huius
1246 2293 1313 2325 loci
1335 2303 1403 2324 me-

761 2344 868 2373 minit.
918 2341 973 2372 De
1000 2341 1076 2373 aliis
1103 2340 1254 2371 Comieis
1282 2339 1404 2370 Plato-

760 2398 839 2419 nem
879 2386 1023 2419 subinde
1064 2385 1285 2427 carpentibus
1326 2385 1404 2415 Ari-

760 2432 964 2473 stoplionte,
1011 2432 1174 2470 Cratino,
1224 2431 1407 2471 Aruplride,

762 2477 975 2520 Philippide,
1012 2478 1138 2509 ceteris
1164 2487 1194 2507 v.
1224 2476 1405 2509 Meinek.

761 2524 899 2565 Fragm.
917 2523 972 2556 lll.
991 2534 1022 2565 p.
1041 2523 1120 2557 360.
1134 2522 1213 2556 370.
1228 2521 1308 2556 302.
1325 2522 1404 2556 305.

762 2576 796 2602 et
827 2570 960 2601 Histor.
989 2569 1071 2600 Crit.
1097 2579 1129 2610 p.
1157 2567 1237 2603 438

809 2615 848 2647 C.
875 2614 999 2646 duat?
1029 2613 1225 2646 τυπτέτω
1252 2627 1334 2654 τις,
1364 2613 1406 2644 ἆ-

763 2659 925 2704 φρσντ]
956 2661 1151 2693 Pronomen
1176 2671 1226 2697 τις
1250 2661 1325 2692 sine
1344 2659 1405 2691 du-

764 2707 818 2739 bio
850 2710 994 2760 propter
1019 2711 1259 2748 antegressum
1289 2703 1306 2737 ὁ
1340 2717 1406 2737 πα-

764 2752 991 2796 ρατιγχάιων
1017 2757 1194 2786 extrusum
1208 2756 1286 2792 est,
1313 2754 1408 2784 recte

1453 746 1494 787 D
