1781 2971
305 135 386 176 378
791 135 1167 179 PLATONIS

306 268 385 299 τας
421 252 545 301 δέκα,
593 254 654 293 ἔτι
698 253 742 294 δὲ
779 250 802 294 ὁ
840 256 935 308 περὶ
974 256 1053 305 τῆς
1099 255 1300 302 παιδείας
1336 250 1481 305 πάσης
1515 257 1658 308 ἐπιμε-

305 316 441 369 λητὴς
477 315 500 360 ὅ
542 333 586 360 τε
631 322 726 367 νέος
762 323 808 362 οἵ
840 335 884 362 τε
931 325 976 363 ὲκ
1014 322 1091 372 τῆς
1133 320 1273 375 ἀρχῆς
1321 318 1483 371 ταύτης
1516 319 1659 370 ἀπηλ-

306 386 534 438 λαγμένοι,
579 388 762 434 ἕκαστος
805 387 848 428 δὲ
895 386 1064 430 τούτων
1107 387 1166 443 μὴ
1211 387 1368 442 μόνος,
1421 385 1520 428 ἀλλ’
1583 385 1657 428 ἰ’τω

306 450 415 502 μετα
453 455 553 493 νέου
589 449 680 494 ἀπὸ
727 451 967 507 τριάκοντα
1005 456 1112 496 ἐτῶν
1146 460 1269 510 μέχρι
1314 452 1659 509 τετταράκοντα,

306 518 387 560 τὸν
411 517 660 571 ἀρέσκοντα
688 517 808 573 αὐτῷ
837 521 1207 576 προςλαμβανων.
1244 519 1325 572 τὴν
1352 522 1396 563 δὲ
1424 524 1660 562 συνουσίαν

306 584 418 628 εἶναι
462 585 637 635 τούτοις
682 588 754 628 καὶ
797 603 900 637 τους
945 589 1105 640 λόγους
1153 590 1250 642 περὶ
1287 586 1434 639 νόμων
1478 585 1547 628 ἀεὶ
1581 587 1662 637 τῆς

195 659 277 699 952
309 668 352 694 τε
389 656 551 701 οἰκείας
596 652 762 702 πόλεως
799 657 917 708 πέρι,
955 658 1026 697 καὶ
1063 653 1142 697 ἐὰν
1176 651 1350 697 ἄλλοθι
1388 652 1661 695 πυνθάνων-

309 723 382 761 ταί
417 736 457 760 τι
494 725 590 774 περὶ
628 722 715 762 τῶν
753 720 965 764 τοιούτων
1003 724 1232 779 διαφέρον,
1267 723 1338 763 καὶ
1367 718 1420 772 δὴ
1460 722 1532 762 καὶ
1564 724 1659 774 περι

306 785 609 840 μαθημάτων,
644 786 773 830 ὀπόσ’
816 785 875 830 ἂν
898 793 944 831 ἐν
971 787 1109 849 ταύτῃ
1137 790 1189 848 τῇ
1224 792 1377 845 σκέψει
1412 789 1517 846 δοκῇ
1554 801 1661 841 συμ-

308 858 477 910 φέρειν,
526 850 554 895 ἂ
599 855 806 908 μαθοῦσι
844 857 923 909 μὲν
967 855 1250 910 εὐαγέστερον
1296 855 1554 908 γίγνεσθαι,
1601 852 1661 908 μὴ

308 921 518 973 μαθοῦσι
560 922 604 962 δὲ
657 924 981 976 σκοτωδέστερα
1036 922 1089 963 τὰ
1140 924 1237 975 περὶ
1293 920 1458 974 νόμους
1508 919 1663 969 αὐτοῖς

309 989 562 1044 φαίνεσθαι
609 990 679 1030 καὶ
715 987 897 1046 ἀσαφῆ.
946 988 974 1030 ἂ
1014 988 1052 1031 δ’
1098 986 1156 1030 ἂν
1192 986 1364 1030 τούτων
1410 991 1662 1041 ἐγκρίνωσιν

402 1142 442 1173 Ε.
492 1142 551 1173 ἔτι
579 1140 622 1172 δὲ
650 1138 668 1172 ὁ
696 1142 811 1183 περὶ]
845 1141 885 1174 δὲ
911 1153 978 1175 om.
1008 1144 1050 1176 A.
1079 1149 1112 1174 et
1136 1153 1187 1185 pr.
1218 1140 1256 1173 Ω.

405 1189 442 1219 Ρ.
471 1188 550 1222 952.

601 1186 918 1220 πυνθάνωνταί
945 1189 997 1230 ιι]
1026 1189 1106 1220 Par.
1136 1191 1179 1220 A.
1208 1200 1244 1220 τι
1269 1198 1336 1220 om.

399 1231 420 1265 ἂ
444 1234 644 1273 μαθοῦσι
669 1234 763 1276 μὲν]
800 1231 820 1265 ἃ
847 1245 914 1267 om.
941 1245 993 1276 pr.
1021 1237 1066 1268 A.
1097 1233 1134 1266 Ω.
1159 1245 1199 1267 ae
1226 1235 1356 1266 delevit
1381 1231 1402 1266 ἃ
1426 1234 1662 1266 Hermannus.

310 1345 370 1377 iile
405 1355 467 1386 per
510 1345 764 1385 anacoluthon,
810 1348 954 1388 perinde

311 1402 352 1423 ae
384 1392 413 1422 si
449 1393 697 1432 praecesserit:
734 1393 885 1424 ἔστωσαν
919 1392 955 1424 δὲ

311 1436 348 1468 ἐν
373 1433 467 1478 αὐτῷ
491 1438 562 1480 (τῷ
588 1436 770 1481 συλλόγῳ)
803 1439 874 1470 νέοι
901 1440 954 1471 καὶ

312 1481 541 1524 πρεσβύτεροι
576 1484 769 1525 μεμιγμένοι
804 1496 832 1516 κ.
868 1497 892 1516 r.
925 1486 950 1517 λ.

311 1529 382 1561 Sed
410 1530 520 1561 multo
552 1536 605 1562 est
635 1530 828 1570 difficilius,
853 1542 952 1563 aecu-

311 1577 416 1608 sativi
457 1577 556 1607 istius
599 1577 763 1608 idoneam
807 1578 953 1609 reddere

310 1622 495 1654 rationem.
538 1621 772 1660 Quamobrem
798 1625 954 1655 Astius

311 1668 498 1708 legendum
524 1670 696 1700 coniecit:
734 1668 770 1700 οἱ
790 1665 842 1700 ἀεὶ
877 1680 953 1710 πρε-

313 1711 512 1754 σβεύοντες.
549 1714 678 1745 Verum
697 1724 738 1746 ea
752 1716 955 1747 coniectura

312 1760 481 1792 audacior
515 1764 567 1791 est
603 1771 706 1801 quam
739 1766 776 1792 ut
810 1762 954 1802 probari

312 1806 417 1837 alicui
441 1806 564 1846 possit.
614 1805 837 1848 Quapropter
855 1813 954 1848 puta-

312 1862 388 1883 mus
420 1852 540 1892 potius
571 1853 776 1893 scriptorem
810 1854 954 1885 iiberius

313 1899 468 1929 variasse
499 1903 730 1937 structuram,
763 1903 868 1940 atque
904 1909 956 1931 se-

313 1944 428 1975 cundo
471 1944 550 1975 loco
587 1945 750 1985 posuisse
786 1946 956 1977 accusati-

313 2000 417 2030 vum,
454 1991 554 2030 quasi
590 1996 694 2022 antea
730 1991 859 2023 dictum
892 1993 956 2023 sit:

316 2029 423 2068 οὗτος
453 2031 486 2066 δ’
520 2034 620 2076 ε’χὲτω
653 2036 756 2067 νέους
787 2037 842 2068 καὶ
876 2047 954 2078 πρε-

314 2081 510 2123 σβυτέρους
525 2093 554 2113 κ.
574 2093 598 2114 τ.
616 2082 641 2113 λ.
677 2081 833 2114 Genitivi
854 2094 954 2116 usum

313 2138 373 2160 cur
389 2128 587 2168 scriptor-in
605 2128 768 2160 membris
784 2131 953 2170 posterio-

312 2175 409 2206 ribus
435 2173 621 2213 refugerit,
658 2175 829 2206 neminem
857 2185 955 2216 prae-

313 2220 443 2252 teribit.
508 2219 596 2251 Nam
643 2225 676 2251 et
721 2222 955 2262 perspicuitas

313 2272 348 2299 et
365 2267 476 2307 ipsius
502 2267 697 2298 sententiae
713 2277 793 2307 pars
820 2272 954 2308 postre-

313 2323 370 2345 ma
404 2311 588 2352 flagitabat
623 2313 714 2345 hane
757 2317 954 2345 structurae

314 2359 509 2398 enaHagen.

361 2405 403 2436 E.
431 2401 449 2435 ὁ
477 2404 671 2445 περὶτῆς
698 2401 952 2436 παιδείας-

314 2448 600 2491 ὲπιμεληιὴς]
659 2450 713 2482 De
749 2450 824 2491 περὶ
865 2451 956 2482 dixit

315 2496 534 2528 Matthiae
559 2495 620 2527 Gr.
646 2495 675 2536 ξ.
703 2496 780 2529 380.
807 2497 838 2529 5,
865 2497 953 2528 Dein

314 2543 540 2583 expectabas:
577 2541 720 2573 ἕκαστος
754 2541 792 2574 δὲ
825 2540 956 2574 τούτων

314 2585 360 2629 μή
391 2585 500 2625 μόνος
531 2589 608 2622 ὶίω,
649 2583 728 2620 ἀλλὰ
763 2586 842 2627 μειὰ
874 2588 956 2619 νέου

316 2644 344 2665 κ.
373 2643 397 2665 τ.
425 2634 450 2664 λ.
479 2634 546 2665 Sed
573 2634 693 2665 eodeni
722 2636 845 2666 ordine
860 2636 957 2676 Apo-

314 2680 385 2721 log.
414 2679 550 2711 Soet-at.
587 2690 618 2721 p.
645 2680 700 2713 17.
728 2679 774 2714 13:
807 2676 850 2712 οὐ
881 2678 957 2720 μέν-

317 2735 367 2758 τοι
399 2743 442 2748 -—
477 2725 801 2767 κεκαλλιεπημέιόι·ς
831 2737 868 2767 γε
903 2724 955 2757 λό-

1023 1356 1127 1389 γους,
1155 1345 1265 1387 ὥςπερ
1293 1346 1329 1379 οἱ
1351 1343 1483 1378 τούτων
1509 1365 1569 1383 -,
1596 1341 1662 1378 ἀλλ’

1025 1390 1223 1426 ἀκούσεσθε
1239 1393 1312 1434 εἰκῇ
1329 1391 1492 1433 λεγόμενα
1507 1395 1577 1423 τοῖς
1592 1391 1662 1424 ἐπι-

1023 1441 1185 1481 τυχοῦσιν
1211 1435 1388 1478 ὀνόμασιν.
1414 1440 1437 1470 i.
1461 1450 1490 1470 e.
1518 1433 1561 1469 οὕ
1586 1437 1662 1478 μέν·

1023 1498 1073 1517 τοι
1110 1483 1310 1518 ἀκούσεσθε
1341 1482 1470 1527 λόγους
1498 1502 1561 1522 -,
1597 1480 1663 1516 ἀλλ’

1021 1532 1096 1573 εἰκῇ
1122 1531 1295 1575 λεγόμενα.

1070 1600 1140 1643 τῆς
1179 1611 1239 1635 „ts
1286 1598 1458 1630 οἰκείας
1503 1595 1664 1629 πόλεως

1024 1646 1139 1689 πέρι]
1166 1646 1219 1678 Ne
1246 1646 1382 1678 mireris
1410 1643 1483 1685 περὶ
1509 1645 1663 1685 gemina-

1022 1699 1114 1732 tum,
1141 1693 1317 1733 posterius
1342 1691 1504 1723 absolute
1530 1695 1582 1722 est
1606 1700 1663 1722 ae-

1022 1739 1244 1780 eipiendum,
1279 1739 1328 1769 ita
1368 1741 1406 1768 ut
1440 1737 1503 1768 sit:
1548 1737 1663 1777 quod

1023 1786 1074 1817 ad
1110 1785 1341 1826 propriam
1375 1783 1573 1824 pertinet
1609 1783 1664 1814 ci-

1024 1832 1225 1863 vitatem:
1253 1840 1355 1871 quem
1383 1839 1482 1860 usum
1499 1829 1662 1869 saepissi-

1025 1887 1078 1909 me
1102 1877 1138 1909 in
1164 1877 1218 1908 his
1244 1876 1342 1907 libris
1367 1875 1560 1916 attigimus.

1074 1945 1109 1978 Ρ.
1135 1944 1214 1979 952.
1242 1940 1364 1975 o‘no'o'
1384 1940 1432 1974 ἅτ·
1457 1940 1502 1973 ἐι·
1530 1940 1662 1982 ταύτῃ

1027 1991 1072 2030 τῇ
1103 1990 1253 2029 σκέψει
1279 2009 1316 2013 -
1346 1987 1518 2030 ἀσαφῆ]
1554 1999 1662 2029 quae

1023 2036 1063 2068 in
1090 2037 1166 2069 hac
1195 2036 1520 2077 disquisitione
1548 2035 1662 2066 vide—

1023 2088 1152 2115 antur
1178 2083 1321 2114 utilia.
1356 2082 1459 2120 Quod
1483 2081 1663 2122 aptissime

1022 2129 1172 2167 dictum,
1205 2133 1242 2159 ut
1272 2139 1342 2160 non
1369 2128 1569 2165 videamus,
1603 2137 1663 2157 eur

1025 2175 1300 2206 Hermannus
1337 2172 1373 2204 ἐν
1405 2178 1580 2213 tamquam
1607 2183 1660 2203 su-

1023 2227 1178 2261 spectum
1205 2221 1392 2253 notaverit.
1427 2222 1475 2249 At
1500 2218 1662 2250 nimirum

1023 2267 1082 2298 ilie
1118 2266 1219 2297 etiam
1257 2267 1451 2306 proximum
1495 2262 1516 2296 ἂ
1551 2264 1663 2296 elimi-

1023 2313 1177 2344 nandum
1219 2313 1372 2352 censuit,
1417 2321 1485 2352 quo
1526 2310 1662 2341 abiecto

1023 2359 1129 2390 verba
1154 2358 1269 2388 iunxit
1299 2359 1363 2389 sic:
1398 2353 1500 2388 dno'o'
1529 2353 1573 2386 ἂν
1601 2366 1661 2395 μα-

1023 2403 1132 2435 θοῦσι
1159 2402 1245 2444 δοκῇ
1272 2401 1373 2443 ταύτῃ
1393 2403 1431 2443 τῇ
1447 2402 1561 2441 σκέψει
1579 2411 1660 2441 συμ-

1025 2449 1142 2490 φέρειν
1168 2461 1196 2483 κ.
1215 2461 1240 2480 τ.
1256 2450 1281 2481 λ.
1317 2449 1415 2488 Quae
1440 2454 1554 2481 tamen
1570 2450 1661 2480 ratio

1024 2500 1058 2528 et
1092 2497 1169 2537 ipsa
1206 2496 1378 2537 dispiicet.
1438 2494 1527 2527 Nam
1563 2499 1602 2525 ut
1642 2491 1663 2525 ἂ

1024 2542 1260 2573 abiiciendum
1314 2543 1489 2581 videatur,
1547 2541 1660 2572 tamen

1026 2589 1131 2619 verba
1174 2588 1330 2627 μαθοῦσι
1368 2586 1428 2626 μὲν
1460 2604 1501 2610 --
1541 2586 1662 2627 ἀσαφῆ

1026 2645 1087 2676 per
1102 2644 1139 2666 se
1154 2644 1310 2665 seorsum
1329 2639 1430 2665 erunt
1445 2633 1661 2674 accipienda,

1027 2681 1076 2712 ita
1102 2681 1263 2722 quidem,
1289 2685 1328 2711 ut
1352 2689 1395 2711 ea
1419 2679 1594 2720 explicare
1621 2679 1660 2710 ii-

1028 2731 1102 2758 ceat
1117 2728 1183 2759 sie:
1212 2723 1293 2758 ὥςιε
1317 2724 1473 2764 μαθοῦσι
1497 2723 1557 2764 μὲν
1582 2735 1609 2756 κ.
1637 2735 1661 2756 t.
