1781 2971
216 133 299 175 DE
331 132 605 176 LEGIBUS
640 132 757 173 LIB.
789 131 898 173 XII.
932 131 979 174 P.
1015 133 1109 173 947.
1144 130 1208 174 St.
1336 131 1415 172 361

65 249 167 300 τούς
203 247 425 306 ἄρχοντας
469 252 545 302 τῆς
593 253 787 305 θεωρίας
822 248 1009 301 ἑκάστης
1044 254 1298 303 ἐκπέμπειν,
1345 250 1418 289 καὶ

66 318 254 367 τούτους
293 318 460 373 μόνους
500 315 673 374 δάφνης
721 316 927 374 στεφάνῳ
978 319 1066 359 τῶν
1110 321 1155 358 ὲν
1204 317 1256 373 τῇ
1293 313 1417 357 πόλει

65 390 414 439 κεκοσμημένους
460 383 596 433 εἶναι,
653 387 725 427 καὶ
778 388 918 439 ἱερέας
969 386 1049 438 μὲν
1107 382 1281 431 πάντας
1335 384 1416 425 τοῦ

62 449 340 502 ’Λπόλλωνος
387 468 430 494 τε
480 453 552 494 καὶ
595 449 778 501 (Ηλιόυ,
826 450 1061 508 ἀρχιέρεων
1107 453 1151 493 δὲ
1200 454 1276 492 ἕνα
1312 448 1409 491 κατ’

64 517 270 562 ἐνιαυτὸν
310 518 387 562 τὸν
423 520 599 574 πρῶτον
637 521 853 573 κριθέντα
883 521 970 560 τῶν
991 521 1233 571 γενομένων
1270 519 1415 570 ἐκείνῳ

65 586 126 639 τῷ
164 588 350 641 ἐνιαυτῷ
386 589 553 642 ἱερέων,
591 588 663 627 καὶ
702 583 900 638 τοῦνομα
937 584 1219 642 ἀναγράφειν
1257 582 1417 626 τούτου

65 726 172 759 fuisse
196 726 378 770 ἀρχιέρεων
403 727 489 758 infra
515 726 547 757 in
574 727 754 767 explicatt.
772 725 999 758 ostendimus.

65 772 203 805 Turicc.

1049 724 1226 757 Dederunt
1253 722 1286 754 id
1313 722 1416 755 etiam

155 821 209 861 τῷ
238 819 421 862 ἐνιαυτῷ
445 817 612 860 ἱερέων]
645 820 712 849 τῶν
738 818 842 858 vulgo
867 821 946 850 ante
970 817 1085 858 ἱερέων
1111 817 1277 848 insertum
1305 813 1418 846 delevi

65 863 108 896 de
134 865 304 897 sententia
327 863 494 907 Stephani
522 869 556 896 et
572 863 668 895 Astii.

64 915 134 941 tum
168 915 222 942 est
251 913 319 941 τῶν
352 921 394 943 ex
428 909 587 952 praeced.
625 920 680 949 τῳ.

64 955 296 988 Hermannus.

66 1069 207 1101 munia
236 1069 517 1100 Graecorum
555 1069 707 1100 solem-

66 1115 134 1146 nia
173 1115 290 1147 mitti
333 1115 514 1147 solitae.
570 1114 708 1155 Quippe

64 1162 196 1203 θεωρία
223 1166 277 1193 est
302 1170 401 1192 sacra
422 1160 550 1201 legatio
576 1160 618 1191 ad
649 1170 707 1191 ex-

63 1211 138 1239 tera
172 1216 273 1240 sacra
308 1207 446 1238 nomine
472 1206 588 1246 populi
625 1205 708 1237 obe-

63 1252 155 1285 unda
188 1253 327 1293 publice
363 1253 480 1284 missa.
531 1251 624 1283 Huic
651 1251 708 1291 qui

62 1299 274 1337 intererant,
308 1298 328 1329 ii
363 1297 476 1330 vocati
511 1302 589 1328 sunt
618 1300 706 1328 θεω-

63 1343 135 1387 ροί,
179 1354 370 1384 eorumque
409 1345 568 1384 princeps
606 1341 706 1382 α’ρχι-

66 1391 212 1431 θέωρος.
250 1401 281 1421 v.
317 1390 585 1430 Harpocrat.
628 1389 705 1420 He-

63 1436 178 1476 sych.
211 1440 245 1466 et
271 1435 433 1467 Suidas
461 1446 488 1466 S.
519 1446 548 1466 v.
573 1435 705 1474 Span-

63 1480 163 1515 liern.
190 1481 232 1514 ad
260 1481 396 1513 Gallim.
426 1480 536 1521 hymn.
571 1480 602 1511 in
631 1480 704 1511 Del.

63 1537 95 1558 v.
135 1526 217 1562 314.
264 1528 421 1560 Duker.
460 1526 502 1558 ad
543 1525 704 1565 Thncyd.

62 1573 132 1605 ΙΙΙ.
161 1572 239 1607 104.
268 1574 310 1605 V.
335 1573 384 1606 lG.
403 1573 509 1612 intpp.
539 1572 580 1603 ad
608 1572 703 1603 Pla-

63 1622 150 1650 ton.
188 1619 321 1650 Criton.
356 1629 431 1658 cap.
463 1619 491 1652 I.
524 1622 558 1650 et
593 1616 706 1649 Phae-

64 1664 144 1696 don.
162 1665 208 1696 in.
242 1664 473 1696 Referebatur
499 1673 582 1696 vero
601 1662 706 1695 Athe-

64 1710 115 1742 nis
141 1720 266 1742 munus
292 1713 354 1750 τῆς
373 1711 524 1751 θεωρίας
539 1710 628 1742 inter
646 1719 704 1741 cu—

63 1756 219 1788 rationes
242 1756 546 1790 extraordinaria&

108 1823 174 1854 καὶ
209 1822 318 1855 ὅσων
349 1822 397 1854 ἂν
430 1824 589 1865 ἑτέρων
621 1834 707 1854 κοι-

62 1870 160 1912 νων]
196 1869 287 1901 Male
314 1880 423 1910 nuper
447 1871 548 1908 ἑτέρῳ
573 1880 615 1902 ex
642 1869 704 1900 ali-

62 1919 146 1955 quot
171 1914 273 1946 codd.
301 1915 458 1956 quamvis
475 1916 614 1956 optimis
634 1914 704 1946 edi-

64 1960 198 1993 derunt.
259 1961 350 1993 Nam
401 1962 571 1992 sententia
623 1958 706 1991 liaeo

65 2011 136 2038 est:
181 2009 224 2038 et
265 2016 552 2047 quaecunque
603 2009 708 2036 sunt

63 2053 181 2085 eliae
215 2056 454 2093 praeterea
491 2062 561 2084 res
595 2051 702 2082 divi-

63 2108 161 2137 nae,
212 2100 252 2129 in
302 2107 480 2139 quarum
524 2097 705 2130 veniunt

64 2144 425 2176 communionem.

70 2211 89 2217 “
108 2206 457 2251 κεκοομημένους
481 2210 613 2253 εἶναι]
642 2222 702 2244 οι·-

62 2257 154 2288 nati
179 2261 323 2288 sunto.
357 2257 596 2299 Minusplacet
610 2257 704 2298 quod

64 2301 220 2333 editores
259 2302 470 2336 Turicenses
513 2313 623 2343 nuper
663 2314 704 2336 ex

63 2348 164 2378 unius
198 2347 275 2379 vat.
307 2346 345 2378 Ω.
381 2359 488 2389 marg.
524 2348 707 2381 ediderunt

62 2393 168 2431 ἰέναι,
210 2394 413 2433 praesertim
456 2404 561 2434 quum
602 2394 704 2433 εἶναι,

64 2439 166 2470 sic—nti
195 2449 274 2470 mox
302 2450 333 2479 p.
350 2439 429 2473 949.
450 2440 488 2470 Ι).
517 2440 573 2478 al„
600 2441 702 2472 etiam

64 2484 105 2515 ad
140 2486 388 2523 consequentia
431 2486 476 2517 sit
506 2485 704 2523 intelligen-

64 2529 164 2570 dum,
194 2540 345 2570 quorum⁴
377 2530 459 2563 haec
490 2535 542 2562 est
567 2535 703 2563 senten-

64 2575 129 2606 tia:
157 2585 396 2616 omnesque
416 2579 538 2609 sunto
560 2586 703 2608 sacer-

64 2621 197 2653 dotes
239 2622 460 2664 Apollinis
502 2625 545 2653 et
578 2621 705 2659 Solis,

65 2665 300 2707 primarius
344 2678 449 2700 vero
485 2666 702 2700 sacerdos

63 2721 172 2744 unus
212 2716 300 2747 esto
339 2712 597 2756 quotannis,
647 2713 698 2745 is-

720 863 931 896 Deleverunt
957 863 1059 894 etiam
1077 861 1299 894 Tui-icenses.

731 909 837 941 Uncis
869 909 1009 941 inclusit
1042 908 1146 941 solito
1178 906 1232 939 hic
1263 905 1418 938 timidior

1351 860 1417 892 Or-

775 1077 854 1107 que
887 1067 1048 1108 primus
1086 1064 1310 1097 iudicatus
1351 1075 1415 1096 eo-

776 1123 881 1154 rum,
925 1113 995 1153 qui
1040 1111 1124 1143 illo
1163 1121 1271 1142 anno
1312 1110 1417 1141 facti

777 1158 972 1196 fuerint,
1013 1157 1318 1195 sacerdotum3
1358 1160 1416 1188 at-

777 1215 856 1245 que
884 1203 1008 1235 huius
1042 1213 1194 1235 nomen
1231 1205 1416 1243 quotan-

779 1251 843 1281 nis
878 1249 1204 1291 perscribstor„
1238 1252 1279 1279 ut
1317 1248 1417 1279 inde

778 1296 955 1328 oriatur
996 1305 1202 1326 mensura
1247 1295 1415 1326 numeri

777 1342 992 1383 temporis
1019 1340 1241 1382 (annorum).
1276 1350 1415 1380 quam-

776 1388 845 1419 din
882 1388 1041 1419 civitas
1068 1386 1244 1418 floreat.
1298 1387 1417 1426 ltaque

773 1434 876 1465 facile
900 1437 1056 1474 apparet,
1087 1436 1219 1464 mutato
1246 1433 1303 1463 illo
1330 1431 1417 1462 εἶναι

774 1479 923 1512 universi
976 1478 1042 1509 loci
1094 1478 1416 1518 interpretationem

774 1527 950 1564 aliquanto
977 1523 1202 1555 difficiliorem
1235 1534 1278 1555 ac
1312 1533 1420 1565 prope

775 1571 901 1603 nullam
929 1569 1076 1601 futuram
1104 1580 1193 1601 esse.

820 1615 1058 1657 ἀρχιέρεων
1116 1614 1157 1645 δὲ
1207 1613 1279 1644 ἵνα
1328 1614 1416 1645 κατ’

773 1658 947 1693 ἐνιαυτὸ
962 1661 994 1701 v]
1021 1661 1070 1691 lta
1087 1660 1305 1692 scribendum
1328 1671 1419 1699 esse,

775 1707 902 1740 dudum
937 1706 1205 1747 significavimus
1246 1706 1277 1737 in
1313 1706 1417 1738 Com-

776 1753 953 1785 mentariis
983 1753 1112 1783 criticis
1147 1752 1188 1783 ad
1216 1751 1277 1783 lios
1309 1753 1416 1783 libros

775 1811 807 1841 p.
834 1799 912 1833 172.
941 1808 1003 1829 nec
1029 1802 1143 1829 tamen
1171 1799 1273 1836 olim.
1306 1802 1344 1829 ut
1369 1798 1418 1837 fit,

775 1855 905 1886 operae
941 1848 1148 1884 paruerunt.
1192 1844 1250 1883 qui
1289 1854 1417 1885 posue-

773 1896 852 1923 runt
875 1890 1051 1930 ἀρχιερέα).
1105 1889 1274 1920 Videlicet
1314 1890 1416 1921 codd.

771 1935 966 1979 ἀρχιερέων.
1001 1934 1071 1966 Sed
1100 1935 1295 1967 Grammat.
1326 1935 1414 1967 Bek-

773 1983 847 2013 keri
881 1979 1053 2012 Anecdot.
1092 1980 1114 2012 l.
1149 1991 1179 2021 p.
1214 1980 1293 2014 449.
1327 1984 1415 2013 extr.

771 2027 1023 2070 ἅρχιερὲωντ
1048 2024 1111 2056 οὐκ
1125 2024 1297 2068 ἀρχιερέα.
1317 2024 1414 2057 Πλεί-

773 2085 840 2104 -ιων
864 2069 1027 2110 ἑνδεκάτῳ
1049 2070 1181 2112 Νόμων
1212 2071 1325 2105 ὀξεῖαν
1355 2077 1414 2113 μέ-

773 2131 832 2159 σην
870 2115 1054 2157 σνλλτιβήν.
1100 2116 1190 2149 unde
1233 2116 1417 2159 ἀρχιέρεων

773 2164 992 2196 scribendum
1029 2173 1108 2194 esse
1147 2163 1272 2203 liquet,
1313 2174 1415 2202 quam

772 2209 910 2251 quidem
943 2209 1091 2241 formam
1125 2208 1275 2241 ionicam
1307 2209 1416 2250 philo-

775 2254 884 2297 sopho
939 2253 1153 2286 reddendam
1217 2265 1296 2286 esse
1353 2265 1418 2285 nec

775 2300 1044 2333 Scha‘eferus
1082 2301 1218 2331 dubitat
1254 2305 1416 2341 Apparet.

776 2345 1001 2378 Demostlien.
1030 2344 1073 2377 T.
1100 2346 1141 2376 V.
1168 2356 1198 2382 p.
1217 2345 1296 2379 574,
1324 2346 1415 2377 conf.

774 2392 967 2425 Bekkeri
1002 2390 1138 2422 Anecd.
1166 2390 1268 2422 Tom.
1298 2392 1356 2423 lll.
1383 2402 1415 2433 p.

775 2438 876 2473 1197.
905 2440 939 2469 et
965 2436 1150 2468 Lobeck.
1168 2437 1318 2478 Paralip.
1340 2437 1416 2469 Vol.

774 2485 799 2517 l.
827 2495 860 2525 p.
888 2482 968 2517 232.
1000 2482 1055 2522 qui
1083 2486 1198 2514 tamen
1225 2483 1318 2524 quod
1344 2484 1416 2516 lau-

775 2531 833 2561 dat
871 2528 1035 2560 Astium
1080 2527 1122 2559 ad
1160 2526 1190 2560 h.
1223 2529 1262 2566 1.,
1307 2529 1338 2560 is
1370 2539 1413 2563 ne

775 2576 881 2607 verbo
907 2573 1046 2615 quidem
1068 2572 1111 2605 ‹le
1130 2572 1191 2604 hac
1215 2573 1325 2607 forma
1353 2586 1413 2607 ex-

775 2621 901 2663 posuit.
959 2619 1122 2652 Ceterum
1172 2623 1268 2652 ante.
1300 2621 1414 2662 ἱερέων

773 2676 848 2699 cum
877 2665 1102 2705 Stephano
1127 2669 1160 2697 et
1186 2666 1321 2698 Astio
1346 2669 1414 2698 τῶν

771 2711 966 2746 delevimus
991 2720 1093 2743 sensu
1119 2710 1268 2744 iubente.
