<?xml version="1.0" encoding="UTF-8"?>
<!DOCTYPE html PUBLIC "-//W3C//DTD XHTML 1.0 Transitional//EN"
    "http://www.w3.org/TR/xhtml1/DTD/xhtml1-transitional.dtd">
<html xmlns="http://www.w3.org/1999/xhtml" xml:lang="en" lang="en">
 <head>
  <title>
</title>
<meta http-equiv="Content-Type" content="text/html;charset=utf-8" />
  <meta name='ocr-system' content='tesseract 3.04.00' />
  <meta name='ocr-capabilities' content='ocr_page ocr_carea ocr_par ocr_line ocrx_word'/>
</head>
<body>
  <div class='ocr_page' id='page_1' title='image "./n3operaomniarecens10platuoft/n3operaomniarecens10platuoft_0301.png"; bbox 0 0 1781 2971; ppageno 0'>
   <div class='ocr_carea' id='block_1_1' title="bbox 49 157 1397 472">
    <p class='ocr_par' dir='ltr' id='par_1_1' title="bbox 49 157 1397 405">
     <span class='ocr_line' id='line_1_1' title="bbox 232 157 1396 202; baseline -0.003 -1"><span class='ocrx_word' id='word_1_1' title='bbox 232 161 315 201; x_wconf 78' lang='lat' dir='ltr'>DE</span> <span class='ocrx_word' id='word_1_2' title='bbox 349 158 624 202; x_wconf 82' lang='lat' dir='ltr'>LEGIBUS</span> <span class='ocrx_word' id='word_1_3' title='bbox 658 158 777 199; x_wconf 58' lang='lat'>12113.</span> <span class='ocrx_word' id='word_1_4' title='bbox 809 157 892 199; x_wconf 81' lang='lat' dir='ltr'>Xl.</span> <span class='ocrx_word' id='word_1_5' title='bbox 929 159 972 199; x_wconf 84' lang='lat' dir='ltr'>P.</span> <span class='ocrx_word' id='word_1_6' title='bbox 1003 162 1098 201; x_wconf 63' lang='lat'>9:25.</span> <span class='ocrx_word' id='word_1_7' title='bbox 1133 158 1196 201; x_wconf 80' lang='lat' dir='ltr'>St.</span> <span class='ocrx_word' id='word_1_8' title='bbox 1316 159 1396 198; x_wconf 70' lang='lat'>297</span> 
     </span>
     <span class='ocr_line' id='line_1_2' title="bbox 49 274 1397 336; baseline -0.002 -16"><span class='ocrx_word' id='word_1_9' title='bbox 49 282 198 332; x_wconf 75' lang='grc' dir='ltr'><em>ἕτερον</em></span> <span class='ocrx_word' id='word_1_10' title='bbox 236 278 531 336; x_wconf 71' lang='grc' dir='ltr'><em>νομοφύλακα</em></span> <span class='ocrx_word' id='word_1_11' title='bbox 567 276 667 319; x_wconf 71' lang='grc' dir='ltr'><em>ἀντὶ</em></span> <span class='ocrx_word' id='word_1_12' title='bbox 700 275 858 318; x_wconf 82' lang='grc' dir='ltr'><em>τούτου</em></span> <span class='ocrx_word' id='word_1_13' title='bbox 897 275 1160 317; x_wconf 70' lang='grc' dir='ltr'><em>καθιστάτω</em></span> <span class='ocrx_word' id='word_1_14' title='bbox 1192 278 1239 336; x_wconf 68' lang='grc' dir='ltr'>τῇ</span> <span class='ocrx_word' id='word_1_15' title='bbox 1273 274 1397 331; x_wconf 78' lang='grc' dir='ltr'><em>χώρᾳ</em></span> 
     </span>
     <span class='ocr_line' id='line_1_3' title="bbox 49 345 385 405; baseline -0.003 -18"><span class='ocrx_word' id='word_1_16' title='bbox 49 347 122 387; x_wconf 83' lang='grc' dir='ltr'>καὶ</span> <span class='ocrx_word' id='word_1_17' title='bbox 156 346 207 405; x_wconf 82' lang='grc' dir='ltr'>τῇ</span> <span class='ocrx_word' id='word_1_18' title='bbox 247 345 385 387; x_wconf 77' lang='grc' dir='ltr'><em>πόλει.</em></span> 
     </span>
    </p>

    <p class='ocr_par' dir='ltr' id='par_1_2' title="bbox 152 409 682 472">
     <span class='ocr_line' id='line_1_4' title="bbox 152 409 682 472; baseline -0.006 -18"><span class='ocrx_word' id='word_1_19' title='bbox 152 409 262 472; x_wconf 80' lang='lat' dir='ltr'>Cap.</span> <span class='ocrx_word' id='word_1_20' title='bbox 305 409 389 454; x_wconf 73' lang='lat' dir='ltr'>IX.</span> <span class='ocrx_word' id='word_1_21' title='bbox 461 413 682 466; x_wconf 73' lang='grc' dir='ltr'>Διαφοραὶ</span> 
     </span>
    </p>
   </div>
   <div class='ocr_carea' id='block_1_2' title="bbox 49 475 1399 533">
    <p class='ocr_par' dir='ltr' id='par_1_3' title="bbox 49 475 1399 533">
     <span class='ocr_line' id='line_1_5' title="bbox 49 475 1399 533; baseline -0.001 -13"><span class='ocrx_word' id='word_1_22' title='bbox 49 481 213 529; x_wconf 80' lang='grc' dir='ltr'><em>παῖδας</em></span> <span class='ocrx_word' id='word_1_23' title='bbox 249 483 476 533; x_wconf 71' lang='grc' dir='ltr'><em>γίγνονται</em></span> <span class='ocrx_word' id='word_1_24' title='bbox 514 480 585 520; x_wconf 82' lang='grc' dir='ltr'>καὶ</span> <span class='ocrx_word' id='word_1_25' title='bbox 623 479 792 519; x_wconf 80' lang='grc' dir='ltr'><em>παίδων</em></span> <span class='ocrx_word' id='word_1_26' title='bbox 828 475 938 533; x_wconf 82' lang='grc' dir='ltr'><em>πρὸς</em></span> <span class='ocrx_word' id='word_1_27' title='bbox 979 475 1194 528; x_wconf 67' lang='grc' dir='ltr'><em>γεννητὰς</em></span> <span class='ocrx_word' id='word_1_28' title='bbox 1227 478 1399 530; x_wconf 79' lang='grc' dir='ltr'><strong><em>μείζους</em></strong></span> 
     </span>
    </p>
   </div>
   <div class='ocr_carea' id='block_1_3' title="bbox 741 408 1399 465">
    <p class='ocr_par' dir='ltr' id='par_1_4' title="bbox 741 408 1399 465">
     <span class='ocr_line' id='line_1_6' title="bbox 741 408 1399 465; baseline -0.003 -13"><span class='ocrx_word' id='word_1_29' title='bbox 741 413 940 465; x_wconf 75' lang='grc' dir='ltr'><em>πατέρων</em></span> <span class='ocrx_word' id='word_1_30' title='bbox 988 425 1031 452; x_wconf 76' lang='grc' dir='ltr'>τε</span> <span class='ocrx_word' id='word_1_31' title='bbox 1081 408 1193 463; x_wconf 80' lang='grc' dir='ltr'><em>πρὸς</em></span> <span class='ocrx_word' id='word_1_32' title='bbox 1249 409 1399 451; x_wconf 79' lang='grc' dir='ltr'><em>αὐτῶν</em></span> 
     </span>
    </p>
   </div>
   <div class='ocr_carea' id='block_1_4' title="bbox 48 541 1405 1333">
    <p class='ocr_par' dir='ltr' id='par_1_5' title="bbox 48 541 1405 1333">
     <span class='ocr_line' id='line_1_7' title="bbox 48 541 1398 601; baseline -0.001 -15"><span class='ocrx_word' id='word_1_33' title='bbox 48 542 75 596; x_wconf 80' lang='grc' dir='ltr'><em>ἢ</em></span> <span class='ocrx_word' id='word_1_34' title='bbox 109 545 262 601; x_wconf 72' lang='grc' dir='ltr'><em>χρεών,</em></span> <span class='ocrx_word' id='word_1_35' title='bbox 299 551 344 588; x_wconf 79' lang='grc' dir='ltr'>ὲν</span> <span class='ocrx_word' id='word_1_36' title='bbox 382 543 451 594; x_wconf 82' lang='grc' dir='ltr'><em>αἶς</em></span> <span class='ocrx_word' id='word_1_37' title='bbox 489 548 536 587; x_wconf 82' lang='grc' dir='ltr'>οἵ</span> <span class='ocrx_word' id='word_1_38' title='bbox 566 561 609 587; x_wconf 79' lang='grc' dir='ltr'>τε</span> <span class='ocrx_word' id='word_1_39' title='bbox 659 548 842 599; x_wconf 81' lang='grc' dir='ltr'><strong><em>πατέρες</em></strong></span> <span class='ocrx_word' id='word_1_40' title='bbox 890 541 1058 595; x_wconf 76' lang='grc' dir='ltr'><em>ἡγοῖντ’</em></span> <span class='ocrx_word' id='word_1_41' title='bbox 1099 542 1157 585; x_wconf 80' lang='grc' dir='ltr'>ἂν</span> <span class='ocrx_word' id='word_1_42' title='bbox 1193 546 1282 586; x_wconf 80' lang='grc' dir='ltr'><em>δεῖν</em></span> <span class='ocrx_word' id='word_1_43' title='bbox 1323 543 1398 585; x_wconf 87' lang='grc' dir='ltr'>τὸν</span> 
     </span>
     <span class='ocr_line' id='line_1_8' title="bbox 50 610 1396 669; baseline -0.002 -15"><span class='ocrx_word' id='word_1_44' title='bbox 50 616 310 667; x_wconf 76' lang='grc' dir='ltr'><em>νομοθέτην</em></span> <span class='ocrx_word' id='word_1_45' title='bbox 346 613 634 666; x_wconf 73' lang='grc' dir='ltr'><em>νομοθετεῖν,</em></span> <span class='ocrx_word' id='word_1_46' title='bbox 680 613 837 662; x_wconf 71' lang='grc' dir='ltr'><em>ἐξεῖναί</em></span> <span class='ocrx_word' id='word_1_47' title='bbox 871 625 1042 669; x_wconf 66' lang='grc' dir='ltr'><em>σφισιν,</em></span> <span class='ocrx_word' id='word_1_48' title='bbox 1087 611 1166 652; x_wconf 78' lang='grc' dir='ltr'>ἐάν</span> <span class='ocrx_word' id='word_1_49' title='bbox 1201 610 1396 663; x_wconf 70' lang='grc' dir='ltr'><em>βούλων-</em></span> 
     </span>
     <span class='ocr_line' id='line_1_9' title="bbox 49 674 1397 733; baseline -0.001 -13"><span class='ocrx_word' id='word_1_50' title='bbox 49 696 142 729; x_wconf 89' lang='grc' dir='ltr'><em>ται,</em></span> <span class='ocrx_word' id='word_1_51' title='bbox 186 678 265 722; x_wconf 82' lang='grc' dir='ltr'>τὸν</span> <span class='ocrx_word' id='word_1_52' title='bbox 302 678 401 721; x_wconf 86' lang='grc' dir='ltr'><em>υἱὸν</em></span> <span class='ocrx_word' id='word_1_53' title='bbox 435 676 524 722; x_wconf 79' lang='grc' dir='ltr'>ὑπὸ</span> <span class='ocrx_word' id='word_1_54' title='bbox 563 678 748 733; x_wconf 82' lang='grc' dir='ltr'><em>κήρυκος</em></span> <span class='ocrx_word' id='word_1_55' title='bbox 782 680 986 720; x_wconf 81' lang='grc' dir='ltr'><em>ἐναντίον</em></span> <span class='ocrx_word' id='word_1_56' title='bbox 1023 674 1238 718; x_wconf 79' lang='grc' dir='ltr'><em>ἁπάντων</em></span> <span class='ocrx_word' id='word_1_57' title='bbox 1275 677 1397 719; x_wconf 74' lang='grc' dir='ltr'><em>ἀπει-</em></span> 
     </span>
     <span class='ocr_line' id='line_1_10' title="bbox 50 737 1399 801; baseline -0.002 -13"><span class='ocrx_word' id='word_1_58' title='bbox 50 754 146 789; x_wconf 76' lang='grc' dir='ltr'><em>πεῖν</em></span> <span class='ocrx_word' id='word_1_59' title='bbox 184 747 284 789; x_wconf 85' lang='grc' dir='ltr'><em>υἱὸν</em></span> <span class='ocrx_word' id='word_1_60' title='bbox 310 744 422 787; x_wconf 79' lang='grc' dir='ltr'><em>κατα</em></span> <span class='ocrx_word' id='word_1_61' title='bbox 461 743 602 798; x_wconf 81' lang='grc' dir='ltr'><em>νόμον</em></span> <span class='ocrx_word' id='word_1_62' title='bbox 628 743 775 798; x_wconf 70' lang='grc' dir='ltr'><em>μηκέτ’</em></span> <span class='ocrx_word' id='word_1_63' title='bbox 818 742 942 792; x_wconf 82' lang='grc' dir='ltr'><em>εἶναι,</em></span> <span class='ocrx_word' id='word_1_64' title='bbox 979 747 1083 793; x_wconf 79' lang='grc' dir='ltr'><em>υἱεῖς</em></span> <span class='ocrx_word' id='word_1_65' title='bbox 1108 742 1146 785; x_wconf 81' lang='grc' dir='ltr'>τ’</span> <span class='ocrx_word' id='word_1_66' title='bbox 1191 737 1248 785; x_wconf 80' lang='grc' dir='ltr'><em>αὖ</em></span> <span class='ocrx_word' id='word_1_67' title='bbox 1278 748 1399 801; x_wconf 61' lang='lat' dir='ltr'>&amp;qim</span> 
     </span>
     <span class='ocr_line' id='line_1_11' title="bbox 49 808 1400 866; baseline -0.002 -12"><span class='ocrx_word' id='word_1_68' title='bbox 49 819 243 866; x_wconf 77' lang='grc' dir='ltr'><em>πατέρας</em></span> <span class='ocrx_word' id='word_1_69' title='bbox 275 811 363 855; x_wconf 80' lang='grc' dir='ltr'>ὑπὸ</span> <span class='ocrx_word' id='word_1_70' title='bbox 402 810 545 854; x_wconf 84' lang='grc' dir='ltr'><em>νόσων</em></span> <span class='ocrx_word' id='word_1_71' title='bbox 583 808 606 862; x_wconf 80' lang='grc' dir='ltr'><em>ἢ</em></span> <span class='ocrx_word' id='word_1_72' title='bbox 644 813 786 865; x_wconf 75' lang='grc' dir='ltr'><em>γήρως</em></span> <span class='ocrx_word' id='word_1_73' title='bbox 832 812 1172 864; x_wconf 75' lang='grc' dir='ltr'><em>διατιθεμένους</em></span> <span class='ocrx_word' id='word_1_74' title='bbox 1213 811 1400 866; x_wconf 74' lang='grc' dir='ltr'><em>αἰσχρῶς</em></span> 
     </span>
     <span class='ocr_line' id='line_1_12' title="bbox 48 876 1399 935; baseline -0.002 -13"><span class='ocrx_word' id='word_1_75' title='bbox 48 880 207 931; x_wconf 75' lang='grc' dir='ltr'><em>ἐξεῖναι</em></span> <span class='ocrx_word' id='word_1_76' title='bbox 255 882 505 933; x_wconf 70' lang='grc' dir='ltr'><em>παρανοίας</em></span> <span class='ocrx_word' id='word_1_77' title='bbox 560 878 835 935; x_wconf 62' lang='grc' dir='ltr'><em>γράφεσθαι.</em></span> <span class='ocrx_word' id='word_1_78' title='bbox 886 879 1029 919; x_wconf 85' lang='grc' dir='ltr'><em>ταῦτα</em></span> <span class='ocrx_word' id='word_1_79' title='bbox 1076 880 1120 919; x_wconf 76' lang='grc' dir='ltr'>δὲ</span> <span class='ocrx_word' id='word_1_80' title='bbox 1170 876 1308 927; x_wconf 85' lang='grc' dir='ltr'><em>ὅντως</em></span> <span class='ocrx_word' id='word_1_81' title='bbox 1354 882 1399 919; x_wconf 76' lang='grc' dir='ltr'>ἐν</span> 
     </span>
     <span class='ocr_line' id='line_1_13' title="bbox 49 944 1398 1002; baseline -0.001 -14"><span class='ocrx_word' id='word_1_82' title='bbox 49 947 289 998; x_wconf 73' lang='grc' dir='ltr'><em>παγκάκων</em></span> <span class='ocrx_word' id='word_1_83' title='bbox 335 945 499 998; x_wconf 71' lang='grc' dir='ltr'><em>ἤθεσιν</em></span> <span class='ocrx_word' id='word_1_84' title='bbox 546 944 809 999; x_wconf 72' lang='grc' dir='ltr'><em>ἀνθρώπων</em></span> <span class='ocrx_word' id='word_1_85' title='bbox 854 947 1092 998; x_wconf 71' lang='grc' dir='ltr'><em>γίγνεσθαι</em></span> <span class='ocrx_word' id='word_1_86' title='bbox 1127 947 1267 1002; x_wconf 70' lang='grc' dir='ltr'><em>ᾳιλεῖ·</em></span> <span class='ocrx_word' id='word_1_87' title='bbox 1311 949 1398 986; x_wconf 77' lang='grc' dir='ltr'>ἐπει</span> 
     </span>
     <span class='ocr_line' id='line_1_14' title="bbox 50 1009 1402 1068; baseline -0.001 -14"><span class='ocrx_word' id='word_1_88' title='bbox 50 1013 239 1068; x_wconf 78' lang='grc' dir='ltr'><em>ἡμίσεών</em></span> <span class='ocrx_word' id='word_1_89' title='bbox 276 1030 321 1067; x_wconf 77' lang='grc' dir='ltr'>γε</span> <span class='ocrx_word' id='word_1_90' title='bbox 368 1010 509 1056; x_wconf 83' lang='grc' dir='ltr'><em>ὅντων</em></span> <span class='ocrx_word' id='word_1_91' title='bbox 557 1014 642 1054; x_wconf 79' lang='grc' dir='ltr'>τῶν</span> <span class='ocrx_word' id='word_1_92' title='bbox 689 1013 855 1061; x_wconf 82' lang='grc' dir='ltr'><em>κακῶν,</em></span> <span class='ocrx_word' id='word_1_93' title='bbox 901 1010 997 1055; x_wconf 81' lang='grc' dir='ltr'><em>οἷον</em></span> <span class='ocrx_word' id='word_1_94' title='bbox 1032 1009 1091 1066; x_wconf 81' lang='grc' dir='ltr'>μὴ</span> <span class='ocrx_word' id='word_1_95' title='bbox 1141 1013 1279 1055; x_wconf 87' lang='grc' dir='ltr'><em>κακοῦ</em></span> <span class='ocrx_word' id='word_1_96' title='bbox 1324 1013 1402 1065; x_wconf 72' lang='grc' dir='ltr'>μὲν</span> 
     </span>
     <span class='ocr_line' id='line_1_15' title="bbox 50 1077 1404 1135; baseline -0.001 -13"><span class='ocrx_word' id='word_1_97' title='bbox 50 1079 232 1134; x_wconf 83' lang='grc' dir='ltr'><em>πατρός,</em></span> <span class='ocrx_word' id='word_1_98' title='bbox 269 1083 381 1129; x_wconf 75' lang='grc' dir='ltr'><em>υἱέος</em></span> <span class='ocrx_word' id='word_1_99' title='bbox 409 1082 464 1129; x_wconf 76' lang='grc' dir='ltr'>δὲ,</span> <span class='ocrx_word' id='word_1_100' title='bbox 503 1077 526 1131; x_wconf 77' lang='grc' dir='ltr'>ἢ</span> <span class='ocrx_word' id='word_1_101' title='bbox 568 1079 846 1129; x_wconf 73' lang='grc' dir='ltr'><em>τούναντίον,</em></span> <span class='ocrx_word' id='word_1_102' title='bbox 885 1077 937 1120; x_wconf 83' lang='grc' dir='ltr'>οὐ</span> <span class='ocrx_word' id='word_1_103' title='bbox 974 1083 1202 1132; x_wconf 62' lang='grc' dir='ltr'><em>γίγνονται</em></span> <span class='ocrx_word' id='word_1_104' title='bbox 1236 1079 1404 1135; x_wconf 75' lang='grc' dir='ltr'><em>ξυμᾳο-</em></span> 
     </span>
     <span class='ocr_line' id='line_1_16' title="bbox 49 1139 1405 1205; baseline -0.001 -16"><span class='ocrx_word' id='word_1_105' title='bbox 49 1150 124 1202; x_wconf 77' lang='grc' dir='ltr'><em>ραὶ</em></span> <span class='ocrx_word' id='word_1_106' title='bbox 162 1146 424 1200; x_wconf 77' lang='grc' dir='ltr'><em>τηλικαύτης</em></span> <span class='ocrx_word' id='word_1_107' title='bbox 461 1150 631 1202; x_wconf 68' lang='grc' dir='ltr'><em>ἔχθρας</em></span> <span class='ocrx_word' id='word_1_108' title='bbox 668 1150 850 1198; x_wconf 73' lang='grc' dir='ltr'><em>ἔκγονοι,</em></span> <span class='ocrx_word' id='word_1_109' title='bbox 889 1151 932 1187; x_wconf 81' lang='grc' dir='ltr'>ὲν</span> <span class='ocrx_word' id='word_1_110' title='bbox 963 1148 1042 1199; x_wconf 83' lang='grc' dir='ltr'>μὲν</span> <span class='ocrx_word' id='word_1_111' title='bbox 1069 1139 1149 1188; x_wconf 72' lang='grc' dir='ltr'>οὖν</span> <span class='ocrx_word' id='word_1_112' title='bbox 1186 1145 1297 1205; x_wconf 77' lang='grc' dir='ltr'><em>ἄλλῃ</em></span> <span class='ocrx_word' id='word_1_113' title='bbox 1322 1162 1405 1188; x_wconf 85' lang='grc' dir='ltr'>πο-</span> 
     </span>
     <span class='ocr_line' id='line_1_17' title="bbox 50 1210 1404 1270; baseline -0.004 -13"><span class='ocrx_word' id='word_1_114' title='bbox 50 1217 189 1270; x_wconf 77' lang='grc' dir='ltr'><em>λιτείᾳ</em></span> <span class='ocrx_word' id='word_1_115' title='bbox 226 1222 330 1263; x_wconf 83' lang='grc' dir='ltr'><em>παῖς</em></span> <span class='ocrx_word' id='word_1_116' title='bbox 363 1213 777 1267; x_wconf 75' lang='grc' dir='ltr'><em>ἀποκεκηρυγμένος</em></span> <span class='ocrx_word' id='word_1_117' title='bbox 804 1211 885 1255; x_wconf 83' lang='grc' dir='ltr'><em>οὐκ</em></span> <span class='ocrx_word' id='word_1_118' title='bbox 909 1210 965 1254; x_wconf 75' lang='grc' dir='ltr'>ἂν</span> <span class='ocrx_word' id='word_1_119' title='bbox 991 1212 1034 1264; x_wconf 77' lang='grc' dir='ltr'>ἐξ</span> <span class='ocrx_word' id='word_1_120' title='bbox 1068 1212 1267 1267; x_wconf 71' lang='grc' dir='ltr'><em>ἀνάγκης</em></span> <span class='ocrx_word' id='word_1_121' title='bbox 1289 1210 1404 1254; x_wconf 75' lang='grc' dir='ltr'><em>ἄπο-</em></span> 
     </span>
     <span class='ocr_line' id='line_1_18' title="bbox 50 1276 1402 1333; baseline -0.001 -11"><span class='ocrx_word' id='word_1_122' title='bbox 50 1283 116 1332; x_wconf 86' lang='grc' dir='ltr'>λις</span> <span class='ocrx_word' id='word_1_123' title='bbox 151 1282 236 1333; x_wconf 74' lang='grc' dir='ltr'>εἴη,</span> <span class='ocrx_word' id='word_1_124' title='bbox 275 1280 438 1332; x_wconf 83' lang='grc' dir='ltr'><em>ταύτης</em></span> <span class='ocrx_word' id='word_1_125' title='bbox 475 1283 530 1329; x_wconf 76' lang='grc' dir='ltr'>δὲ,</span> <span class='ocrx_word' id='word_1_126' title='bbox 567 1276 615 1331; x_wconf 77' lang='grc' dir='ltr'>ἧς</span> <span class='ocrx_word' id='word_1_127' title='bbox 655 1283 743 1322; x_wconf 66' lang='lat' dir='ltr'>owe</span> <span class='ocrx_word' id='word_1_128' title='bbox 781 1283 823 1322; x_wconf 89' lang='grc' dir='ltr'>οὶ</span> <span class='ocrx_word' id='word_1_129' title='bbox 863 1280 990 1333; x_wconf 85' lang='grc' dir='ltr'><em>νόμοι</em></span> <span class='ocrx_word' id='word_1_130' title='bbox 1028 1283 1214 1329; x_wconf 71' lang='grc' dir='ltr'><em>ἔσονται,</em></span> <span class='ocrx_word' id='word_1_131' title='bbox 1252 1278 1402 1333; x_wconf 78' lang='grc' dir='ltr'><em>ἀναγ-</em></span> 
     </span>
    </p>
   </div>
   <div class='ocr_carea' id='block_1_5' title="bbox 50 1433 1400 1524">
    <p class='ocr_par' dir='ltr' id='par_1_6' title="bbox 50 1433 1400 1524">
     <span class='ocr_line' id='line_1_19' title="bbox 143 1433 1400 1477; baseline -0.001 -9"><span class='ocrx_word' id='word_1_132' title='bbox 143 1436 183 1468; x_wconf 90' lang='lat' dir='ltr'>D.</span> <span class='ocrx_word' id='word_1_133' title='bbox 225 1434 329 1476; x_wconf 81' lang='grc' dir='ltr'>πρὸς</span> <span class='ocrx_word' id='word_1_134' title='bbox 356 1433 566 1477; x_wconf 72' lang='grc' dir='ltr'>γεννητὰς</span> <span class='ocrx_word' id='word_1_135' title='bbox 590 1434 781 1476; x_wconf 75' lang='grc' dir='ltr'>μείζους]</span> <span class='ocrx_word' id='word_1_136' title='bbox 814 1435 927 1466; x_wconf 75' lang='lat' dir='ltr'>Prave</span> <span class='ocrx_word' id='word_1_137' title='bbox 954 1435 1052 1467; x_wconf 82' lang='lat' dir='ltr'>editt.</span> <span class='ocrx_word' id='word_1_138' title='bbox 1079 1445 1198 1468; x_wconf 85' lang='lat' dir='ltr'>omnes</span> <span class='ocrx_word' id='word_1_139' title='bbox 1226 1433 1400 1476; x_wconf 68' lang='grc' dir='ltr'><em>γει-νήταῐ.</em></span> 
     </span>
     <span class='ocr_line' id='line_1_20' title="bbox 50 1482 892 1524; baseline -0.002 -11"><span class='ocrx_word' id='word_1_140' title='bbox 50 1493 84 1513; x_wconf 76' lang='lat' dir='ltr'>v.</span> <span class='ocrx_word' id='word_1_141' title='bbox 109 1483 155 1514; x_wconf 82' lang='lat' dir='ltr'>ad</span> <span class='ocrx_word' id='word_1_142' title='bbox 180 1493 212 1524; x_wconf 87' lang='lat' dir='ltr'>p.</span> <span class='ocrx_word' id='word_1_143' title='bbox 239 1482 318 1516; x_wconf 83' lang='grc'><strong>868.</strong></span> <span class='ocrx_word' id='word_1_144' title='bbox 343 1483 384 1516; x_wconf 82' lang='grc' dir='ltr'>Ε.</span> <span class='ocrx_word' id='word_1_145' title='bbox 439 1483 570 1513; x_wconf 64' lang='lat' dir='ltr'>Vitium</span> <span class='ocrx_word' id='word_1_146' title='bbox 596 1482 715 1514; x_wconf 84' lang='lat' dir='ltr'>Herm.</span> <span class='ocrx_word' id='word_1_147' title='bbox 743 1482 892 1513; x_wconf 80' lang='lat' dir='ltr'>sustulit,</span> 
     </span>
    </p>
   </div>
   <div class='ocr_carea' id='block_1_6' title="bbox 51 1594 696 2508">
    <p class='ocr_par' dir='ltr' id='par_1_7' title="bbox 51 1594 696 2508">
     <span class='ocr_line' id='line_1_21' title="bbox 51 1594 690 1635; baseline 0 -11"><span class='ocrx_word' id='word_1_148' title='bbox 51 1603 273 1635; x_wconf 82' lang='lat' dir='ltr'>praecone</span> <span class='ocrx_word' id='word_1_149' title='bbox 309 1603 452 1625; x_wconf 87' lang='lat' dir='ltr'>coram</span> <span class='ocrx_word' id='word_1_150' title='bbox 490 1594 690 1624; x_wconf 83' lang='lat' dir='ltr'>omnibns</span> 
     </span>
     <span class='ocr_line' id='line_1_22' title="bbox 51 1639 691 1677; baseline -0.002 -6"><span class='ocrx_word' id='word_1_151' title='bbox 51 1640 257 1671; x_wconf 84' lang='lat' dir='ltr'>abdicare</span> <span class='ocrx_word' id='word_1_152' title='bbox 282 1639 438 1677; x_wconf 84' lang='lat' dir='ltr'>filium,</span> <span class='ocrx_word' id='word_1_153' title='bbox 464 1639 525 1670; x_wconf 89' lang='lat' dir='ltr'>ita</span> <span class='ocrx_word' id='word_1_154' title='bbox 549 1646 691 1672; x_wconf 89' lang='lat' dir='ltr'>utnon</span> 
     </span>
     <span class='ocr_line' id='line_1_23' title="bbox 51 1686 693 1726; baseline 0 -10"><span class='ocrx_word' id='word_1_155' title='bbox 51 1688 135 1717; x_wconf 91' lang='lat' dir='ltr'>iam</span> <span class='ocrx_word' id='word_1_156' title='bbox 162 1686 334 1726; x_wconf 83' lang='lat' dir='ltr'>exlege</span> <span class='ocrx_word' id='word_1_157' title='bbox 365 1686 494 1717; x_wconf 81' lang='lat' dir='ltr'>filins</span> <span class='ocrx_word' id='word_1_158' title='bbox 519 1686 590 1717; x_wconf 87' lang='lat' dir='ltr'>sit.</span> <span class='ocrx_word' id='word_1_159' title='bbox 634 1686 693 1716; x_wconf 92' lang='lat' dir='ltr'>Li-</span> 
     </span>
     <span class='ocr_line' id='line_1_24' title="bbox 53 1732 691 1773; baseline 0.002 -11"><span class='ocrx_word' id='word_1_160' title='bbox 53 1733 154 1762; x_wconf 78' lang='lat' dir='ltr'>cebat</span> <span class='ocrx_word' id='word_1_161' title='bbox 186 1733 277 1763; x_wconf 87' lang='lat' dir='ltr'>enim</span> <span class='ocrx_word' id='word_1_162' title='bbox 312 1732 469 1773; x_wconf 76' lang='lat' dir='ltr'>patribus</span> <span class='ocrx_word' id='word_1_163' title='bbox 502 1732 597 1763; x_wconf 79' lang='lat' dir='ltr'>filios</span> <span class='ocrx_word' id='word_1_164' title='bbox 629 1733 691 1763; x_wconf 88' lang='lat' dir='ltr'>im—</span> 
     </span>
     <span class='ocr_line' id='line_1_25' title="bbox 52 1779 692 1819; baseline 0 -11"><span class='ocrx_word' id='word_1_165' title='bbox 52 1779 247 1819; x_wconf 80' lang='lat' dir='ltr'>morigeros</span> <span class='ocrx_word' id='word_1_166' title='bbox 274 1784 334 1809; x_wconf 83' lang='lat' dir='ltr'>aut</span> <span class='ocrx_word' id='word_1_167' title='bbox 359 1779 429 1810; x_wconf 87' lang='lat' dir='ltr'>alio</span> <span class='ocrx_word' id='word_1_168' title='bbox 455 1779 597 1809; x_wconf 88' lang='lat' dir='ltr'>nomine</span> <span class='ocrx_word' id='word_1_169' title='bbox 622 1779 692 1809; x_wconf 87' lang='lat' dir='ltr'>dis-</span> 
     </span>
     <span class='ocr_line' id='line_1_26' title="bbox 51 1824 694 1865; baseline 0 -10"><span class='ocrx_word' id='word_1_170' title='bbox 51 1825 221 1865; x_wconf 84' lang='lat' dir='ltr'>plicentes</span> <span class='ocrx_word' id='word_1_171' title='bbox 240 1825 379 1865; x_wconf 88' lang='lat' dir='ltr'>publice</span> <span class='ocrx_word' id='word_1_172' title='bbox 405 1824 580 1863; x_wconf 76' lang='lat' dir='ltr'>abdicare,</span> <span class='ocrx_word' id='word_1_173' title='bbox 604 1834 694 1864; x_wconf 86' lang='lat' dir='ltr'>quae</span> 
     </span>
     <span class='ocr_line' id='line_1_27' title="bbox 52 1868 692 1910; baseline -0.003 -8"><span class='ocrx_word' id='word_1_174' title='bbox 52 1870 280 1902; x_wconf 77' lang='lat' dir='ltr'>abdicatio</span> <span class='ocrx_word' id='word_1_175' title='bbox 309 1871 489 1902; x_wconf 80' lang='lat' dir='ltr'>dicebatur</span> <span class='ocrx_word' id='word_1_176' title='bbox 514 1868 692 1910; x_wconf 73' lang='grc' dir='ltr'><em>ἀποκήρυ-</em></span> 
     </span>
     <span class='ocr_line' id='line_1_28' title="bbox 55 1915 693 1956; baseline 0.002 -10"><span class='ocrx_word' id='word_1_177' title='bbox 55 1915 116 1956; x_wconf 76' lang='grc' dir='ltr'>ξις.</span> <span class='ocrx_word' id='word_1_178' title='bbox 167 1915 322 1947; x_wconf 84' lang='lat' dir='ltr'>Caussas</span> <span class='ocrx_word' id='word_1_179' title='bbox 359 1917 433 1947; x_wconf 86' lang='lat' dir='ltr'>eius</span> <span class='ocrx_word' id='word_1_180' title='bbox 468 1921 502 1946; x_wconf 86' lang='lat' dir='ltr'>et</span> <span class='ocrx_word' id='word_1_181' title='bbox 538 1917 693 1947; x_wconf 84' lang='lat' dir='ltr'>rationes</span> 
     </span>
     <span class='ocr_line' id='line_1_29' title="bbox 52 1962 694 2002; baseline -0.002 -9"><span class='ocrx_word' id='word_1_182' title='bbox 52 1962 253 2002; x_wconf 82' lang='lat' dir='ltr'>perspicere</span> <span class='ocrx_word' id='word_1_183' title='bbox 296 1963 414 2002; x_wconf 84' lang='lat' dir='ltr'>possis</span> <span class='ocrx_word' id='word_1_184' title='bbox 457 1971 500 1992; x_wconf 84' lang='lat' dir='ltr'>ex</span> <span class='ocrx_word' id='word_1_185' title='bbox 546 1962 694 1993; x_wconf 80' lang='lat' dir='ltr'>Luciani</span> 
     </span>
     <span class='ocr_line' id='line_1_30' title="bbox 54 2003 694 2049; baseline -0.002 -10"><span class='ocrx_word' id='word_1_186' title='bbox 54 2008 277 2039; x_wconf 83' lang='lat' dir='ltr'>Abdicato</span> <span class='ocrx_word' id='word_1_187' title='bbox 319 2018 348 2040; x_wconf 88' lang='lat' dir='ltr'>s.</span> <span class='ocrx_word' id='word_1_188' title='bbox 385 2003 694 2049; x_wconf 76' lang='grc' dir='ltr'><em>ἀποκηρυττομένῳ</em></span> 
     </span>
     <span class='ocr_line' id='line_1_31' title="bbox 55 2053 694 2087; baseline 0.003 -3"><span class='ocrx_word' id='word_1_189' title='bbox 55 2053 155 2084; x_wconf 89' lang='lat' dir='ltr'>Tom.</span> <span class='ocrx_word' id='word_1_190' title='bbox 199 2053 235 2087; x_wconf 90' lang='lat' dir='ltr'>V.</span> <span class='ocrx_word' id='word_1_191' title='bbox 280 2054 327 2086; x_wconf 86' lang='lat' dir='ltr'>in.</span> <span class='ocrx_word' id='word_1_192' title='bbox 374 2054 457 2085; x_wconf 87' lang='lat' dir='ltr'>edit.</span> <span class='ocrx_word' id='word_1_193' title='bbox 499 2053 694 2087; x_wconf 78' lang='lat' dir='ltr'><strong>Lehmann.</strong></span> 
     </span>
     <span class='ocr_line' id='line_1_32' title="bbox 53 2099 695 2131; baseline 0.002 -1"><span class='ocrx_word' id='word_1_194' title='bbox 53 2099 203 2130; x_wconf 89' lang='lat' dir='ltr'>Easdem</span> <span class='ocrx_word' id='word_1_195' title='bbox 235 2100 380 2131; x_wconf 89' lang='lat' dir='ltr'>rimatus</span> <span class='ocrx_word' id='word_1_196' title='bbox 406 2105 459 2131; x_wconf 85' lang='lat' dir='ltr'>est</span> <span class='ocrx_word' id='word_1_197' title='bbox 483 2099 510 2130; x_wconf 86' lang='lat' dir='ltr'>P</span> <span class='ocrx_word' id='word_1_198' title='bbox 526 2110 544 2131; x_wconf 88' lang='lat' dir='ltr'>e</span> <span class='ocrx_word' id='word_1_199' title='bbox 558 2105 571 2130; x_wconf 86' lang='lat' dir='ltr'>t</span> <span class='ocrx_word' id='word_1_200' title='bbox 588 2101 597 2130; x_wconf 93' lang='lat' dir='ltr'>i</span> <span class='ocrx_word' id='word_1_201' title='bbox 613 2105 625 2130; x_wconf 87' lang='lat' dir='ltr'><strong>t</strong></span> <span class='ocrx_word' id='word_1_202' title='bbox 641 2110 663 2130; x_wconf 91' lang='lat' dir='ltr'>u</span> <span class='ocrx_word' id='word_1_203' title='bbox 680 2109 695 2131; x_wconf 89' lang='lat' dir='ltr'>s</span> 
     </span>
     <span class='ocr_line' id='line_1_33' title="bbox 54 2145 693 2187; baseline 0 -11"><span class='ocrx_word' id='word_1_204' title='bbox 54 2145 164 2186; x_wconf 83' lang='lat' dir='ltr'>Legg.</span> <span class='ocrx_word' id='word_1_205' title='bbox 192 2147 300 2177; x_wconf 82' lang='lat' dir='ltr'>Attio.</span> <span class='ocrx_word' id='word_1_206' title='bbox 327 2145 398 2177; x_wconf 78' lang='lat' dir='ltr'>Tit.</span> <span class='ocrx_word' id='word_1_207' title='bbox 425 2145 458 2178; x_wconf 84' lang='lat'>4.</span> <span class='ocrx_word' id='word_1_208' title='bbox 484 2156 518 2186; x_wconf 88' lang='lat' dir='ltr'>p.</span> <span class='ocrx_word' id='word_1_209' title='bbox 546 2145 614 2179; x_wconf 80' lang='lat'>234</span> <span class='ocrx_word' id='word_1_210' title='bbox 642 2156 693 2187; x_wconf 89' lang='lat' dir='ltr'>sq.</span> 
     </span>
     <span class='ocr_line' id='line_1_34' title="bbox 55 2191 696 2233; baseline 0.005 -11"><span class='ocrx_word' id='word_1_211' title='bbox 55 2191 206 2223; x_wconf 86' lang='lat' dir='ltr'>Meier.</span> <span class='ocrx_word' id='word_1_212' title='bbox 249 2191 409 2223; x_wconf 80' lang='lat' dir='ltr'>Process.</span> <span class='ocrx_word' id='word_1_213' title='bbox 451 2193 522 2223; x_wconf 80' lang='lat' dir='ltr'>Att.</span> <span class='ocrx_word' id='word_1_214' title='bbox 560 2203 594 2233; x_wconf 91' lang='lat' dir='ltr'>p.</span> <span class='ocrx_word' id='word_1_215' title='bbox 625 2191 696 2225; x_wconf 74' lang='lat'>432</span> 
     </span>
     <span class='ocr_line' id='line_1_35' title="bbox 55 2237 694 2278; baseline 0.002 -10"><span class='ocrx_word' id='word_1_216' title='bbox 55 2247 106 2278; x_wconf 83' lang='lat' dir='ltr'>sq.</span> <span class='ocrx_word' id='word_1_217' title='bbox 126 2237 294 2269; x_wconf 82' lang='lat' dir='ltr'>Romanis</span> <span class='ocrx_word' id='word_1_218' title='bbox 310 2239 413 2270; x_wconf 79' lang='lat' dir='ltr'>talem</span> <span class='ocrx_word' id='word_1_219' title='bbox 436 2237 694 2269; x_wconf 78' lang='lat' dir='ltr'>abdicationem</span> 
     </span>
     <span class='ocr_line' id='line_1_36' title="bbox 54 2283 693 2324; baseline 0.003 -11"><span class='ocrx_word' id='word_1_220' title='bbox 54 2284 223 2323; x_wconf 80' lang='lat' dir='ltr'>ignotam,</span> <span class='ocrx_word' id='word_1_221' title='bbox 255 2283 316 2314; x_wconf 89' lang='lat' dir='ltr'>sed</span> <span class='ocrx_word' id='word_1_222' title='bbox 337 2294 409 2315; x_wconf 89' lang='lat' dir='ltr'>rem</span> <span class='ocrx_word' id='word_1_223' title='bbox 435 2284 547 2324; x_wconf 83' lang='lat' dir='ltr'>ipsam</span> <span class='ocrx_word' id='word_1_224' title='bbox 574 2289 693 2315; x_wconf 87' lang='lat' dir='ltr'>notam</span> 
     </span>
     <span class='ocr_line' id='line_1_37' title="bbox 55 2329 694 2371; baseline 0.003 -12"><span class='ocrx_word' id='word_1_225' title='bbox 55 2329 164 2360; x_wconf 81' lang='lat' dir='ltr'>fuisse</span> <span class='ocrx_word' id='word_1_226' title='bbox 209 2330 329 2360; x_wconf 69' lang='lat' dir='ltr'>docuit</span> <span class='ocrx_word' id='word_1_227' title='bbox 373 2329 600 2371; x_wconf 83' lang='lat' dir='ltr'>Spalding.</span> <span class='ocrx_word' id='word_1_228' title='bbox 649 2330 694 2361; x_wconf 86' lang='lat' dir='ltr'>ad</span> 
     </span>
     <span class='ocr_line' id='line_1_38' title="bbox 55 2373 695 2416; baseline 0.005 -12"><span class='ocrx_word' id='word_1_229' title='bbox 55 2373 203 2412; x_wconf 83' lang='lat' dir='ltr'>Quintil.</span> <span class='ocrx_word' id='word_1_230' title='bbox 230 2375 399 2406; x_wconf 81' lang='lat' dir='ltr'>Institutt.</span> <span class='ocrx_word' id='word_1_231' title='bbox 425 2375 478 2409; x_wconf 77' lang='lat' dir='ltr'>ln.</span> <span class='ocrx_word' id='word_1_232' title='bbox 506 2375 539 2416; x_wconf 83' lang='lat'>6,</span> <span class='ocrx_word' id='word_1_233' title='bbox 560 2376 615 2410; x_wconf 84' lang='grc'>96.</span> <span class='ocrx_word' id='word_1_234' title='bbox 636 2376 695 2407; x_wconf 85' lang='lat' dir='ltr'>ubi</span> 
     </span>
     <span class='ocr_line' id='line_1_39' title="bbox 56 2421 694 2454; baseline 0.002 -2"><span class='ocrx_word' id='word_1_235' title='bbox 56 2426 269 2452; x_wconf 85' lang='lat' dir='ltr'>memoratur</span> <span class='ocrx_word' id='word_1_236' title='bbox 287 2422 361 2453; x_wconf 80' lang='lat' dir='ltr'>lex:</span> <span class='ocrx_word' id='word_1_237' title='bbox 383 2421 627 2454; x_wconf 82' lang='lat' dir='ltr'>Abdicatus</span> <span class='ocrx_word' id='word_1_238' title='bbox 643 2433 694 2453; x_wconf 89' lang='lat' dir='ltr'>ne</span> 
     </span>
     <span class='ocr_line' id='line_1_40' title="bbox 57 2467 693 2508; baseline 0.002 -10"><span class='ocrx_word' id='word_1_239' title='bbox 57 2467 162 2508; x_wconf 90' lang='lat' dir='ltr'>quid</span> <span class='ocrx_word' id='word_1_240' title='bbox 201 2468 250 2498; x_wconf 84' lang='lat' dir='ltr'>de</span> <span class='ocrx_word' id='word_1_241' title='bbox 293 2468 422 2499; x_wconf 86' lang='lat' dir='ltr'>bouis</span> <span class='ocrx_word' id='word_1_242' title='bbox 457 2469 599 2508; x_wconf 83' lang='lat' dir='ltr'>patris</span> <span class='ocrx_word' id='word_1_243' title='bbox 633 2479 693 2499; x_wconf 88' lang='lat' dir='ltr'>ca-</span> 
     </span>
    </p>
   </div>
   <div class='ocr_carea' id='block_1_7' title="bbox 0 2510 695 2555">
    <p class='ocr_par' dir='ltr' id='par_1_8' title="bbox 0 2510 695 2555">
     <span class='ocr_line' id='line_1_41' title="bbox 0 2510 695 2555; baseline 0.001 -11"><span class='ocrx_word' id='word_1_244' title='bbox 0 2516 1 2519; x_wconf 77' lang='grc'>’</span> <span class='ocrx_word' id='word_1_245' title='bbox 57 2513 158 2553; x_wconf 80' lang='lat' dir='ltr'>piat.</span> <span class='ocrx_word' id='word_1_246' title='bbox 184 2512 239 2543; x_wconf 88' lang='lat' dir='ltr'>De</span> <span class='ocrx_word' id='word_1_247' title='bbox 267 2510 334 2544; x_wconf 69' lang='grc' dir='ltr'>ὑπὸ</span> <span class='ocrx_word' id='word_1_248' title='bbox 363 2511 516 2553; x_wconf 72' lang='grc' dir='ltr'><em>κήρυκος</em></span> <span class='ocrx_word' id='word_1_249' title='bbox 536 2525 567 2545; x_wconf 84' lang='lat' dir='ltr'>v.</span> <span class='ocrx_word' id='word_1_250' title='bbox 589 2524 695 2555; x_wconf 83' lang='lat' dir='ltr'>snpra</span> 
     </span>
    </p>
   </div>
   <div class='ocr_carea' id='block_1_8' title="bbox 26 2559 694 2784">
    <p class='ocr_par' dir='ltr' id='par_1_9' title="bbox 26 2559 694 2645">
     <span class='ocr_line' id='line_1_42' title="bbox 26 2559 694 2600; baseline 0.004 -11"><span class='ocrx_word' id='word_1_251' title='bbox 26 2566 30 2568; x_wconf 88' lang='grc'><strong><em>·</em></strong></span> <span class='ocrx_word' id='word_1_252' title='bbox 57 2559 102 2590; x_wconf 83' lang='lat' dir='ltr'>ad</span> <span class='ocrx_word' id='word_1_253' title='bbox 126 2569 159 2600; x_wconf 88' lang='lat' dir='ltr'>p.</span> <span class='ocrx_word' id='word_1_254' title='bbox 179 2559 258 2592; x_wconf 78' lang='lat'>917.</span> <span class='ocrx_word' id='word_1_255' title='bbox 278 2559 322 2590; x_wconf 87' lang='lat' dir='ltr'>D.</span> <span class='ocrx_word' id='word_1_256' title='bbox 339 2564 374 2590; x_wconf 87' lang='lat' dir='ltr'>et</span> <span class='ocrx_word' id='word_1_257' title='bbox 389 2560 431 2591; x_wconf 91' lang='lat' dir='ltr'>de</span> <span class='ocrx_word' id='word_1_258' title='bbox 456 2559 569 2599; x_wconf 81' lang='grc' dir='ltr'><em>μηκέτι</em></span> <span class='ocrx_word' id='word_1_259' title='bbox 589 2560 694 2592; x_wconf 82' lang='lat' dir='ltr'>Mat-</span> 
     </span>
     <span class='ocr_line' id='line_1_43' title="bbox 58 2603 585 2645; baseline 0.004 -11"><span class='ocrx_word' id='word_1_260' title='bbox 58 2604 176 2636; x_wconf 82' lang='lat' dir='ltr'>thiae</span> <span class='ocrx_word' id='word_1_261' title='bbox 202 2603 263 2636; x_wconf 85' lang='lat' dir='ltr'>Gr.</span> <span class='ocrx_word' id='word_1_262' title='bbox 290 2605 318 2645; x_wconf 79' lang='lat'>§.</span> <span class='ocrx_word' id='word_1_263' title='bbox 343 2604 421 2639; x_wconf 77' lang='lat'>534.</span> <span class='ocrx_word' id='word_1_264' title='bbox 447 2615 527 2636; x_wconf 86' lang='lat' dir='ltr'>ann.</span> <span class='ocrx_word' id='word_1_265' title='bbox 553 2606 585 2638; x_wconf 77' lang='lat'>5.</span> 
     </span>
    </p>

    <p class='ocr_par' dir='ltr' id='par_1_10' title="bbox 60 2645 694 2784">
     <span class='ocr_line' id='line_1_44' title="bbox 103 2645 694 2692; baseline 0.007 -12"><span class='ocrx_word' id='word_1_266' title='bbox 103 2650 144 2681; x_wconf 84' lang='lat' dir='ltr'>E.</span> <span class='ocrx_word' id='word_1_267' title='bbox 184 2650 296 2682; x_wconf 64' lang='grc' dir='ltr'><em>υἱεῖς</em></span> <span class='ocrx_word' id='word_1_268' title='bbox 323 2648 351 2682; x_wconf 83' lang='grc' dir='ltr'>τ’</span> <span class='ocrx_word' id='word_1_269' title='bbox 378 2645 428 2682; x_wconf 62' lang='grc' dir='ltr'>οτιἶ</span> <span class='ocrx_word' id='word_1_270' title='bbox 455 2650 694 2692; x_wconf 74' lang='lat' dir='ltr'>oq21&#39;01]1nt.</span> 
     </span>
     <span class='ocr_line' id='line_1_45' title="bbox 60 2691 694 2739; baseline 0.003 -12"><span class='ocrx_word' id='word_1_271' title='bbox 60 2691 189 2736; x_wconf 63' lang='grc' dir='ltr'><em>ἡγοῖντ’</em></span> <span class='ocrx_word' id='word_1_272' title='bbox 216 2695 267 2731; x_wconf 78' lang='grc' dir='ltr'>ἄν,</span> <span class='ocrx_word' id='word_1_273' title='bbox 293 2698 337 2729; x_wconf 88' lang='lat' dir='ltr'>ad</span> <span class='ocrx_word' id='word_1_274' title='bbox 355 2698 449 2739; x_wconf 83' lang='lat' dir='ltr'>quod</span> <span class='ocrx_word' id='word_1_275' title='bbox 475 2697 694 2729; x_wconf 80' lang='lat' dir='ltr'>referendum</span> 
     </span>
     <span class='ocr_line' id='line_1_46' title="bbox 60 2742 694 2784; baseline 0.003 -12"><span class='ocrx_word' id='word_1_276' title='bbox 60 2748 112 2772; x_wconf 79' lang='lat' dir='ltr'>est</span> <span class='ocrx_word' id='word_1_277' title='bbox 137 2745 335 2783; x_wconf 79' lang='lat' dir='ltr'>proximum</span> <span class='ocrx_word' id='word_1_278' title='bbox 367 2742 501 2784; x_wconf 75' lang='grc' dir='ltr'><em>ἐξεῖναι.</em></span> <span class='ocrx_word' id='word_1_279' title='bbox 551 2744 694 2776; x_wconf 82' lang='lat' dir='ltr'>Licebat</span> 
     </span>
    </p>
   </div>
   <div class='ocr_carea' id='block_1_9' title="bbox 760 1593 1404 2555">
    <p class='ocr_par' dir='ltr' id='par_1_11' title="bbox 760 1593 1404 2555">
     <span class='ocr_line' id='line_1_47' title="bbox 760 1593 1401 1634; baseline 0 -10"><span class='ocrx_word' id='word_1_280' title='bbox 760 1598 875 1624; x_wconf 77' lang='lat' dir='ltr'>antem</span> <span class='ocrx_word' id='word_1_281' title='bbox 899 1593 982 1624; x_wconf 85' lang='lat' dir='ltr'>filiis</span> <span class='ocrx_word' id='word_1_282' title='bbox 999 1598 1133 1634; x_wconf 84' lang='lat' dir='ltr'>patrem</span> <span class='ocrx_word' id='word_1_283' title='bbox 1160 1603 1325 1625; x_wconf 86' lang='lat' dir='ltr'>accusare</span> <span class='ocrx_word' id='word_1_284' title='bbox 1343 1594 1401 1624; x_wconf 86' lang='lat' dir='ltr'>de-</span> 
     </span>
     <span class='ocr_line' id='line_1_48' title="bbox 761 1639 1401 1673; baseline -0.002 -3"><span class='ocrx_word' id='word_1_285' title='bbox 761 1640 922 1670; x_wconf 85' lang='lat' dir='ltr'>mentiae.</span> <span class='ocrx_word' id='word_1_286' title='bbox 974 1640 1066 1670; x_wconf 85' lang='lat' dir='ltr'>Hinc</span> <span class='ocrx_word' id='word_1_287' title='bbox 1097 1640 1206 1671; x_wconf 87' lang='lat' dir='ltr'>thesis</span> <span class='ocrx_word' id='word_1_288' title='bbox 1229 1639 1340 1673; x_wconf 58' lang='lat' dir='ltr'>„fluxit</span> <span class='ocrx_word' id='word_1_289' title='bbox 1365 1640 1401 1670; x_wconf 92' lang='lat' dir='ltr'>in</span> 
     </span>
     <span class='ocr_line' id='line_1_49' title="bbox 761 1684 1401 1726; baseline 0.003 -10"><span class='ocrx_word' id='word_1_290' title='bbox 761 1685 918 1716; x_wconf 73' lang='lat' dir='ltr'>Declam.</span> <span class='ocrx_word' id='word_1_291' title='bbox 958 1684 1104 1722; x_wconf 86' lang='lat' dir='ltr'>Quintil.</span> <span class='ocrx_word' id='word_1_292' title='bbox 1140 1685 1218 1719; x_wconf 72' lang='lat'>346.</span> <span class='ocrx_word' id='word_1_293' title='bbox 1256 1696 1288 1726; x_wconf 88' lang='lat' dir='ltr'>p.</span> <span class='ocrx_word' id='word_1_294' title='bbox 1322 1685 1401 1718; x_wconf 76' lang='lat'>334.</span> 
     </span>
     <span class='ocr_line' id='line_1_50' title="bbox 762 1732 1402 1773; baseline 0 -11"><span class='ocrx_word' id='word_1_295' title='bbox 762 1732 986 1762; x_wconf 77' lang='lat' dir='ltr'>Adversus</span> <span class='ocrx_word' id='word_1_296' title='bbox 1025 1737 1186 1773; x_wconf 84' lang='lat' dir='ltr'>patrem</span> <span class='ocrx_word' id='word_1_297' title='bbox 1227 1741 1277 1763; x_wconf 91' lang='lat' dir='ltr'>ne</span> <span class='ocrx_word' id='word_1_298' title='bbox 1315 1741 1402 1772; x_wconf 84' lang='lat' dir='ltr'>qua</span> 
     </span>
     <span class='ocr_line' id='line_1_51' title="bbox 762 1778 1403 1809; baseline 0 -1"><span class='ocrx_word' id='word_1_299' title='bbox 762 1778 818 1808; x_wconf 79' lang='lat' dir='ltr'>sit</span> <span class='ocrx_word' id='word_1_300' title='bbox 854 1778 968 1808; x_wconf 86' lang='lat' dir='ltr'>actio</span> <span class='ocrx_word' id='word_1_301' title='bbox 1018 1779 1103 1809; x_wconf 85' lang='lat' dir='ltr'>nisi</span> <span class='ocrx_word' id='word_1_302' title='bbox 1147 1779 1403 1809; x_wconf 84' lang='lat' dir='ltr'>dementiae.</span> 
     </span>
     <span class='ocr_line' id='line_1_52' title="bbox 762 1821 1404 1864; baseline 0 -10"><span class='ocrx_word' id='word_1_303' title='bbox 762 1821 941 1864; x_wconf 77' lang='lat' dir='ltr'>Quintil.</span> <span class='ocrx_word' id='word_1_304' title='bbox 976 1823 1047 1855; x_wconf 77' lang='lat' dir='ltr'>VH.</span> <span class='ocrx_word' id='word_1_305' title='bbox 1077 1823 1109 1857; x_wconf 83' lang='grc'>4.</span> <span class='ocrx_word' id='word_1_306' title='bbox 1138 1825 1169 1864; x_wconf 61' lang='grc' dir='ltr'>ξ.</span> <span class='ocrx_word' id='word_1_307' title='bbox 1197 1824 1251 1857; x_wconf 85' lang='grc'>10.</span> <span class='ocrx_word' id='word_1_308' title='bbox 1299 1823 1404 1854; x_wconf 81' lang='lat' dir='ltr'>Nam</span> 
     </span>
     <span class='ocr_line' id='line_1_53' title="bbox 762 1868 1402 1911; baseline 0.002 -12"><span class='ocrx_word' id='word_1_309' title='bbox 762 1874 803 1900; x_wconf 87' lang='lat' dir='ltr'>et</span> <span class='ocrx_word' id='word_1_310' title='bbox 835 1868 953 1901; x_wconf 82' lang='lat' dir='ltr'>filiis</span> <span class='ocrx_word' id='word_1_311' title='bbox 990 1875 1117 1911; x_wconf 83' lang='lat' dir='ltr'>pater</span> <span class='ocrx_word' id='word_1_312' title='bbox 1152 1871 1194 1901; x_wconf 91' lang='lat' dir='ltr'>in</span> <span class='ocrx_word' id='word_1_313' title='bbox 1228 1870 1402 1901; x_wconf 88' lang='lat' dir='ltr'>iudicio</span> 
     </span>
     <span class='ocr_line' id='line_1_54' title="bbox 762 1915 1402 1956; baseline 0 -10"><span class='ocrx_word' id='word_1_314' title='bbox 762 1915 1088 1956; x_wconf 84' lang='lat' dir='ltr'>abdicationis,</span> <span class='ocrx_word' id='word_1_315' title='bbox 1131 1923 1173 1946; x_wconf 84' lang='lat' dir='ltr'>et</span> <span class='ocrx_word' id='word_1_316' title='bbox 1216 1916 1402 1947; x_wconf 82' lang='lat' dir='ltr'>maritus</span> 
     </span>
     <span class='ocr_line' id='line_1_55' title="bbox 763 1962 1402 2000; baseline 0 -9"><span class='ocrx_word' id='word_1_317' title='bbox 763 1962 906 2000; x_wconf 84' lang='lat' dir='ltr'>uxori,</span> <span class='ocrx_word' id='word_1_318' title='bbox 937 1962 972 1992; x_wconf 75' lang='lat' dir='ltr'>si</span> <span class='ocrx_word' id='word_1_319' title='bbox 998 1962 1136 1992; x_wconf 82' lang='lat' dir='ltr'>malae</span> <span class='ocrx_word' id='word_1_320' title='bbox 1173 1962 1402 1993; x_wconf 84' lang='lat' dir='ltr'>tractatio-</span> 
     </span>
     <span class='ocr_line' id='line_1_56' title="bbox 764 2007 1402 2048; baseline 0.003 -12"><span class='ocrx_word' id='word_1_321' title='bbox 764 2007 832 2037; x_wconf 89' lang='lat' dir='ltr'>nis</span> <span class='ocrx_word' id='word_1_322' title='bbox 869 2008 1172 2046; x_wconf 78' lang='lat' dir='ltr'>accusabitur,</span> <span class='ocrx_word' id='word_1_323' title='bbox 1215 2014 1256 2039; x_wconf 87' lang='lat' dir='ltr'>et</span> <span class='ocrx_word' id='word_1_324' title='bbox 1287 2008 1402 2048; x_wconf 88' lang='lat' dir='ltr'>patri</span> 
     </span>
     <span class='ocr_line' id='line_1_57' title="bbox 763 2052 1404 2093; baseline 0.003 -11"><span class='ocrx_word' id='word_1_325' title='bbox 763 2052 901 2093; x_wconf 81' lang='lat' dir='ltr'>filius,</span> <span class='ocrx_word' id='word_1_326' title='bbox 922 2055 956 2085; x_wconf 89' lang='lat' dir='ltr'>si</span> <span class='ocrx_word' id='word_1_327' title='bbox 980 2054 1225 2085; x_wconf 82' lang='lat' dir='ltr'>dementiae</span> <span class='ocrx_word' id='word_1_328' title='bbox 1252 2064 1404 2085; x_wconf 77' lang='lat' dir='ltr'>caussa</span> 
     </span>
     <span class='ocr_line' id='line_1_58' title="bbox 764 2099 1402 2141; baseline 0.002 -13"><span class='ocrx_word' id='word_1_329' title='bbox 764 2099 866 2141; x_wconf 79' lang='lat' dir='ltr'>erit,</span> <span class='ocrx_word' id='word_1_330' title='bbox 898 2110 982 2131; x_wconf 89' lang='lat' dir='ltr'>non</span> <span class='ocrx_word' id='word_1_331' title='bbox 1018 2100 1317 2131; x_wconf 84' lang='lat' dir='ltr'>inverecunde</span> <span class='ocrx_word' id='word_1_332' title='bbox 1346 2100 1402 2130; x_wconf 90' lang='lat' dir='ltr'>di-</span> 
     </span>
     <span class='ocr_line' id='line_1_59' title="bbox 765 2145 1403 2184; baseline -0.002 -8"><span class='ocrx_word' id='word_1_333' title='bbox 765 2150 847 2184; x_wconf 78' lang='lat' dir='ltr'>cet,</span> <span class='ocrx_word' id='word_1_334' title='bbox 888 2147 1068 2178; x_wconf 80' lang='lat' dir='ltr'>multum</span> <span class='ocrx_word' id='word_1_335' title='bbox 1104 2157 1178 2178; x_wconf 82' lang='lat' dir='ltr'>sua</span> <span class='ocrx_word' id='word_1_336' title='bbox 1216 2145 1403 2177; x_wconf 83' lang='lat' dir='ltr'>interfu-</span> 
     </span>
     <span class='ocr_line' id='line_1_60' title="bbox 764 2191 1402 2224; baseline -0.002 -2"><span class='ocrx_word' id='word_1_337' title='bbox 764 2191 863 2223; x_wconf 83' lang='lat' dir='ltr'>isse.</span> <span class='ocrx_word' id='word_1_338' title='bbox 910 2193 965 2224; x_wconf 88' lang='lat' dir='ltr'>De</span> <span class='ocrx_word' id='word_1_339' title='bbox 990 2194 1130 2224; x_wconf 84' lang='lat' dir='ltr'>actione</span> <span class='ocrx_word' id='word_1_340' title='bbox 1155 2193 1351 2224; x_wconf 87' lang='lat' dir='ltr'>dementiae</span> <span class='ocrx_word' id='word_1_341' title='bbox 1376 2202 1402 2222; x_wconf 85' lang='lat' dir='ltr'>s.</span> 
     </span>
     <span class='ocr_line' id='line_1_61' title="bbox 765 2239 1400 2277; baseline 0 -9"><span class='ocrx_word' id='word_1_342' title='bbox 765 2240 957 2277; x_wconf 72' lang='grc' dir='ltr'><em>παρανοίας</em></span> <span class='ocrx_word' id='word_1_343' title='bbox 988 2249 1018 2268; x_wconf 86' lang='lat' dir='ltr'>v.</span> <span class='ocrx_word' id='word_1_344' title='bbox 1055 2239 1202 2270; x_wconf 83' lang='lat' dir='ltr'>Meier.</span> <span class='ocrx_word' id='word_1_345' title='bbox 1241 2239 1400 2269; x_wconf 82' lang='lat' dir='ltr'>Process.</span> 
     </span>
     <span class='ocr_line' id='line_1_62' title="bbox 763 2283 1401 2326; baseline -0.002 -12"><span class='ocrx_word' id='word_1_346' title='bbox 763 2284 871 2315; x_wconf 79' lang='lat' dir='ltr'>Attio.</span> <span class='ocrx_word' id='word_1_347' title='bbox 896 2296 929 2326; x_wconf 88' lang='lat' dir='ltr'>p.</span> <span class='ocrx_word' id='word_1_348' title='bbox 955 2283 1033 2318; x_wconf 72' lang='lat'>296.</span> <span class='ocrx_word' id='word_1_349' title='bbox 1069 2290 1103 2315; x_wconf 83' lang='lat' dir='ltr'>et</span> <span class='ocrx_word' id='word_1_350' title='bbox 1143 2284 1333 2315; x_wconf 77' lang='lat' dir='ltr'>Platner.</span> <span class='ocrx_word' id='word_1_351' title='bbox 1369 2294 1401 2323; x_wconf 90' lang='lat' dir='ltr'>p.</span> 
     </span>
     <span class='ocr_line' id='line_1_63' title="bbox 761 2329 1401 2370; baseline -0.003 -8"><span class='ocrx_word' id='word_1_352' title='bbox 761 2329 841 2363; x_wconf 73' lang='grc'><strong>243.</strong></span> <span class='ocrx_word' id='word_1_353' title='bbox 871 2331 928 2370; x_wconf 88' lang='lat' dir='ltr'>qui</span> <span class='ocrx_word' id='word_1_354' title='bbox 949 2341 1023 2361; x_wconf 83' lang='lat' dir='ltr'>eam</span> <span class='ocrx_word' id='word_1_355' title='bbox 1050 2331 1181 2361; x_wconf 83' lang='lat' dir='ltr'>nullam</span> <span class='ocrx_word' id='word_1_356' title='bbox 1207 2329 1316 2362; x_wconf 82' lang='lat' dir='ltr'>fuisse</span> <span class='ocrx_word' id='word_1_357' title='bbox 1338 2330 1401 2360; x_wconf 89' lang='lat' dir='ltr'>mi-</span> 
     </span>
     <span class='ocr_line' id='line_1_64' title="bbox 762 2376 1402 2409; baseline -0.002 -2"><span class='ocrx_word' id='word_1_358' title='bbox 762 2386 827 2407; x_wconf 91' lang='lat' dir='ltr'>nus</span> <span class='ocrx_word' id='word_1_359' title='bbox 843 2381 936 2408; x_wconf 82' lang='lat' dir='ltr'>recte</span> <span class='ocrx_word' id='word_1_360' title='bbox 953 2377 1093 2407; x_wconf 82' lang='lat' dir='ltr'>videtur</span> <span class='ocrx_word' id='word_1_361' title='bbox 1117 2380 1282 2409; x_wconf 81' lang='lat' dir='ltr'>statuere.</span> <span class='ocrx_word' id='word_1_362' title='bbox 1308 2376 1402 2406; x_wconf 88' lang='lat' dir='ltr'>Ean-</span> 
     </span>
     <span class='ocr_line' id='line_1_65' title="bbox 762 2422 1402 2463; baseline -0.002 -10"><span class='ocrx_word' id='word_1_363' title='bbox 762 2423 840 2453; x_wconf 89' lang='lat' dir='ltr'>dem</span> <span class='ocrx_word' id='word_1_364' title='bbox 865 2433 937 2454; x_wconf 89' lang='lat' dir='ltr'>rem</span> <span class='ocrx_word' id='word_1_365' title='bbox 962 2423 1030 2453; x_wconf 85' lang='lat' dir='ltr'>iam</span> <span class='ocrx_word' id='word_1_366' title='bbox 1056 2423 1139 2453; x_wconf 86' lang='lat' dir='ltr'>olim</span> <span class='ocrx_word' id='word_1_367' title='bbox 1166 2422 1402 2463; x_wconf 77' lang='lat' dir='ltr'>disquisivere</span> 
     </span>
     <span class='ocr_line' id='line_1_66' title="bbox 763 2467 1403 2501; baseline -0.002 -3"><span class='ocrx_word' id='word_1_368' title='bbox 763 2468 986 2500; x_wconf 87' lang='lat' dir='ltr'>Meursius</span> <span class='ocrx_word' id='word_1_369' title='bbox 1013 2468 1135 2501; x_wconf 87' lang='lat' dir='ltr'>Them.</span> <span class='ocrx_word' id='word_1_370' title='bbox 1165 2469 1242 2499; x_wconf 80' lang='lat' dir='ltr'>Att.</span> <span class='ocrx_word' id='word_1_371' title='bbox 1270 2468 1291 2500; x_wconf 88' lang='grc' dir='ltr'>Ι.</span> <span class='ocrx_word' id='word_1_372' title='bbox 1317 2467 1348 2501; x_wconf 88' lang='grc'>3.</span> <span class='ocrx_word' id='word_1_373' title='bbox 1369 2473 1403 2498; x_wconf 76' lang='lat' dir='ltr'>et</span> 
     </span>
     <span class='ocr_line' id='line_1_67' title="bbox 763 2513 1402 2555; baseline -0.002 -10"><span class='ocrx_word' id='word_1_374' title='bbox 763 2513 892 2545; x_wconf 84' lang='lat' dir='ltr'>Petit.</span> <span class='ocrx_word' id='word_1_375' title='bbox 924 2515 1034 2555; x_wconf 80' lang='lat' dir='ltr'>Legg.</span> <span class='ocrx_word' id='word_1_376' title='bbox 1062 2516 1134 2546; x_wconf 83' lang='lat' dir='ltr'>Att.</span> <span class='ocrx_word' id='word_1_377' title='bbox 1162 2524 1196 2554; x_wconf 91' lang='lat' dir='ltr'>p.</span> <span class='ocrx_word' id='word_1_378' title='bbox 1221 2513 1300 2548; x_wconf 80' lang='lat'>245.</span> <span class='ocrx_word' id='word_1_379' title='bbox 1326 2523 1402 2555; x_wconf 91' lang='lat' dir='ltr'>sqq.</span> 
     </span>
    </p>
   </div>
   <div class='ocr_carea' id='block_1_10' title="bbox 764 2602 1402 2786">
    <p class='ocr_par' dir='ltr' id='par_1_12' title="bbox 764 2602 1402 2786">
     <span class='ocr_line' id='line_1_68' title="bbox 813 2602 1399 2646; baseline 0 -11"><span class='ocrx_word' id='word_1_380' title='bbox 813 2605 856 2636; x_wconf 78' lang='grc' dir='ltr'>ἑν</span> <span class='ocrx_word' id='word_1_381' title='bbox 882 2602 1112 2646; x_wconf 82' lang='grc' dir='ltr'><em>παγκάκων</em></span> <span class='ocrx_word' id='word_1_382' title='bbox 1140 2602 1316 2646; x_wconf 73' lang='grc' dir='ltr'><em>ἤθεσιν]</em></span> <span class='ocrx_word' id='word_1_383' title='bbox 1354 2604 1399 2635; x_wconf 87' lang='grc' dir='ltr'>Η.</span> 
     </span>
     <span class='ocr_line' id='line_1_69' title="bbox 764 2650 1402 2691; baseline -0.006 -7"><span class='ocrx_word' id='word_1_384' title='bbox 764 2663 791 2684; x_wconf 84' lang='lat' dir='ltr'>e.</span> <span class='ocrx_word' id='word_1_385' title='bbox 817 2652 878 2682; x_wconf 87' lang='lat' dir='ltr'>ibi.</span> <span class='ocrx_word' id='word_1_386' title='bbox 906 2652 965 2682; x_wconf 85' lang='lat' dir='ltr'>ubi</span> <span class='ocrx_word' id='word_1_387' title='bbox 989 2651 1167 2683; x_wconf 86' lang='lat' dir='ltr'>hominum</span> <span class='ocrx_word' id='word_1_388' title='bbox 1186 2650 1402 2691; x_wconf 81' lang='lat' dir='ltr'>perditorum</span> 
     </span>
     <span class='ocr_line' id='line_1_70' title="bbox 764 2697 1401 2738; baseline -0.006 -8"><span class='ocrx_word' id='word_1_389' title='bbox 764 2699 938 2730; x_wconf 79' lang='lat' dir='ltr'>sentiendi</span> <span class='ocrx_word' id='word_1_390' title='bbox 967 2704 1000 2728; x_wconf 87' lang='lat' dir='ltr'>et</span> <span class='ocrx_word' id='word_1_391' title='bbox 1024 2699 1151 2738; x_wconf 83' lang='lat' dir='ltr'>agendi</span> <span class='ocrx_word' id='word_1_392' title='bbox 1175 2698 1266 2729; x_wconf 83' lang='lat' dir='ltr'>ratio</span> <span class='ocrx_word' id='word_1_393' title='bbox 1288 2697 1401 2728; x_wconf 88' lang='lat' dir='ltr'>domi-</span> 
     </span>
     <span class='ocr_line' id='line_1_71' title="bbox 764 2744 1399 2786; baseline -0.006 -10"><span class='ocrx_word' id='word_1_394' title='bbox 764 2750 876 2776; x_wconf 76' lang='lat' dir='ltr'>natur.</span> <span class='ocrx_word' id='word_1_395' title='bbox 935 2744 1042 2776; x_wconf 82' lang='lat' dir='ltr'>Vides</span> <span class='ocrx_word' id='word_1_396' title='bbox 1068 2746 1194 2786; x_wconf 81' lang='lat' dir='ltr'>igitur,</span> <span class='ocrx_word' id='word_1_397' title='bbox 1230 2752 1399 2784; x_wconf 77' lang='lat' dir='ltr'>quaenam</span> 
     </span>
    </p>
   </div>
  </div>
 </body>
</html>
