1781 2971
277 148 359 189 ‘254
766 141 1148 186 PLATONIS

276 259 735 318 ἀπελευθερώσαντας
773 258 797 312 ἢ
833 257 892 314 μὴ
927 260 1101 310 ἱκανῶς.
1138 260 1358 312 θεραπεία
1387 259 1432 300 δὲ
1467 257 1634 316 φοιτᾶν

279 331 371 385 τρὶς
409 329 485 371 τοῦ
520 326 660 382 μηνὸς
695 325 774 370 τὸν
810 325 1245 382 ἀπελευθερωθέντα
1292 324 1401 380 πρὸς
1439 323 1517 376 τήν
1552 324 1633 366 τοῦ

276 393 728 449 ἀπελευθερώσαντος
762 395 932 442 ἑστίαν,
977 390 1357 447 ἐπαγγελλόμενον
1391 389 1415 434 ὅ
1465 407 1505 433 τι
1547 387 1632 445 χρὴ

276 463 389 517 δρᾶν
426 463 513 503 τῶν
543 463 722 503 δικαίων
753 461 825 502 καὶ
861 457 957 514 ἅμα
994 460 1209 509 δυνατῶν,
1243 462 1316 501 καὶ
1353 459 1451 512 περὶ
1485 456 1632 512 γάμου

277 535 418 570 ποιεῖν
465 525 488 570 ὅ
539 531 577 569 τί
618 543 696 580 περ
731 523 790 568 ἂν
839 525 1024 586 ξυνδοκῇ
1073 527 1131 579 τῷ
1168 530 1384 579 γενομένῳ
1428 523 1631 582 δεσπότῃ.

279 597 483 637 πλουτεῖν
529 596 572 637 δὲ
623 595 703 636 τοῦ
747 591 1202 649 ἀπελευθερώσαντος
1236 590 1295 648 μὴ
1331 591 1487 643 ἐξεῖναι
1522 592 1634 645 μᾶλ-

278 664 380 705 λον·
420 660 468 705 τὸ
508 664 552 704 δὲ
589 663 720 703 πλέον
757 661 974 712 γιγνέσθω
1021 661 1100 702 τοῦ
1143 659 1374 702 δεσπότου.
1409 655 1469 713 μὴ
1504 659 1632 700 πλείω
1679 658 1682 660 ’

276 730 320 771 δὲ
359 731 519 772 εἴκοσιν
555 729 663 770 ἑτῶν
706 731 850 781 μένειν
887 726 967 770 τὸν
1005 725 1272 784 ἀφεθέντα,
1318 723 1434 767 ἀλλὰ
1481 723 1633 766 καθιέ-

275 812 356 850 περ
391 797 464 838 καὶ
506 793 608 844 τοὺς
643 792 806 844 ἄλλους
840 793 987 845 ξένους
1023 792 1201 836 ἀπιέναι
1220 791 1417 847 λαβόντα
1445 789 1526 843 τὴν
1555 788 1634 832 αὑ-

276 864 354 905 τοῦ
393 863 544 905 πᾶσαν
582 860 761 912 οὐσίαν,
812 858 892 902 ἐὰν
921 857 982 915 μὴ
1021 863 1145 920 πείσῃ
1185 858 1286 909 τούς
1333 874 1376 902 τε
1413 855 1634 914 ἄρχοντας

276 931 347 972 καὶ
385 929 465 971 τὸν
497 926 949 984 ἀπελευθερώσαντα.
997 925 1078 970 ἐὰν
1126 928 1171 969 δὲ
1217 928 1276 980 τῷ
1324 924 1635 979 ἀπελευθερω-

277 998 408 1040 θέντι
452 992 478 1048 ἢ
514 996 588 1038 καὶ
623 995 712 1037 τῶν
747 988 892 1037 ἄλλων
940 1010 1001 1049 τῳ
1037 993 1165 1046 ξένων
1213 991 1344 1036 οὐσία
1380 993 1538 1034 πλείων
1572 994 1636 1045 γί-

276 1079 436 1116 γνηται
483 1063 564 1105 τοῦ
603 1064 751 1119 τρίτου
787 1063 967 1116 μεγέθει
1010 1059 1283 1115 τιμήματος,
1325 1053 1351 1120 ᾗ
1399 1056 1459 1101 ἂν
1501 1059 1635 1101 τοῦτο

276 1128 418 1187 ἡμέρα
460 1133 659 1184 γένηται,
707 1126 948 1186 τριάκοντα
985 1126 1161 1185 ἡμερῶν
1210 1124 1301 1170 ἀπὸ
1352 1123 1517 1178 ταύτης
1559 1125 1638 1177 τῆς

371 1262 404 1291 P.
429 1259 507 1294 915.
541 1258 578 1290 B.
605 1255 676 1289 ἐὰν
702 1258 745 1291 δὲ
775 1261 825 1302 τῷ
853 1255 1084 1300 duasve]
1112 1257 1153 1289 V.
1179 1256 1237 1288 ἐὰν
1262 1255 1296 1289 δὲ
1323 1256 1474 1299 καὶτῷ
1500 1252 1558 1290 ἀπ.
1583 1257 1637 1288 in-

279 1305 354 1337 vitis
379 1305 480 1338 codd.
522 1305 605 1337 Dein
632 1309 712 1336 ante
737 1303 793 1335 καὶ
817 1307 886 1336 τῶν
911 1301 1022 1336 ἄλλων
1048 1303 1253 1336 Schneider.
1279 1301 1299 1343 ἢ
1335 1302 1472 1343 omisit,
1506 1312 1639 1341 errore,

279 1356 316 1383 ut
342 1351 489 1383 videtur.
1458 1379 1460 1381 .

374 1400 435 1429 τῶν
461 1396 596 1429 ἄλλων
621 1408 674 1436 τῳ
702 1394 854 1437 ξένων]
887 1395 983 1428 Libri
1011 1397 1077 1427 ἰῶν
1103 1405 1166 1438 pro
1193 1406 1254 1435 τῳ,
1282 1393 1375 1435 quod
1405 1394 1448 1426 de
1473 1393 1640 1427 Matthiae

281 1443 479 1476 coniectura
506 1441 655 1474 correxit
681 1442 824 1479 Anius,
858 1442 1007 1474 servavit
1037 1452 1148 1484 nuper
1173 1439 1375 1475 Schneider.
1426 1441 1510 1474 Dein
1540 1439 1639 1472 πλείω

282 1499 344 1531 pro
370 1490 490 1520 πλείων
518 1491 600 1521 vett.
626 1486 724 1519 editt.
752 1488 866 1520 invitis
892 1487 1080 1520 codicibus.

996 1589 1077 1612 ram
1127 1580 1294 1612 electis
1337 1576 1562 1609 iudicibus
1611 1587 1638 1610 ε.

996 1625 1191 1657 arbitris.
1222 1623 1299 1657 Non
1325 1633 1411 1665 opus
1438 1624 1641 1655 coniectura

281 1580 492 1620 suspicatur,
520 1588 580 1618 ea,
608 1588 699 1620 qnae
726 1577 777 1611 hic
800 1590 822 1618 ο
850 1578 927 1611 Pla-

283 1628 365 1657 tone
403 1625 619 1661 sanciuntur,
659 1635 817 1665 magnam
850 1635 928 1666 par·

281 1675 351 1702 tem
369 1669 536 1702 institutis
548 1669 762 1703 Athenarum
783 1681 926 1712 respon-

280 1715 365 1747 dere
389 1715 547 1757 adeoque
572 1716 612 1747 iis
639 1716 854 1749 illustrandis
878 1717 928 1749 in-

281 1771 425 1793 servire.

327 1803 711 1849 ἐπαγγελλόμενον
738 1804 759 1838 ὅ
784 1820 825 1839 τι
848 1806 926 1848 χρὴ

281 1852 397 1896 δρᾶν]
426 1862 529 1885 sese
555 1853 672 1884 ultro
700 1863 744 1885 ao
775 1859 930 1896 sponte

281 1898 334 1931 ad
374 1898 415 1930 id
462 1902 660 1940 paratum
709 1901 929 1939 profiten-

283 1950 390 1984 [επις
413 1953 585 1985 operam
603 1954 718 1976 suam
736 1945 928 1978 offeren-

282 1996 394 2030 tem,
423 1990 465 2023 de
491 1999 559 2030 quo
575 1999 637 2022 usu
654 1990 746 2026 verbi
767 1992 798 2023 A
813 1992 869 2024 sti
884 2002 929 2023 us

284 2035 431 2068 conferri
467 2035 565 2067 iubet
591 2035 927 2070 Valckenarium

281 2081 324 2113 ad
352 2080 477 2113 Thom.
507 2080 598 2122 Mag.
627 2092 658 2122 p.
681 2082 757 2116 160.
792 2084 823 2115 in
849 2083 928 2124 Epi-

281 2127 382 2158 stolis
407 2126 542 2158 Ruhnk.
574 2127 734 2162 x'aicken.
771 2133 805 2159 et
830 2129 926 2161 alior.

283 2172 325 2204 nd
365 2171 563 2205 Ernestium
597 2172 710 2214 datis,
744 2175 799 2214 qui
840 2174 928 2207 hene

283 2219 391 2251 multa
425 2219 499 2250 eins
534 2220 692 2260 exempla
735 2230 775 2252 ex
810 2219 927 2252 Xeno-

282 2263 426 2306 phonte,
454 2264 708 2305 Demosthene,
741 2266 816 2298 aliis
843 2266 926 2298 scri-

283 2310 440 2352 ptoribus
465 2311 618 2352 collegit.

329 2356 368 2388 C.
396 2355 520 2388 δίκηι,
545 2354 581 2388 δ’
616 2355 809 2388 ἔστωσαν
832 2355 926 2400 -τού-

286 2414 365 2433 των
388 2401 452 2442 -]
504 2401 640 2444 Duplici
677 2402 928 2444 significatione

284 2447 423 2488 ponitur
434 2447 540 2487 δίκαι,
557 2445 835 2490 quandoquidem
851 2458 927 2481 sen-

285 2493 390 2524 tentia
408 2493 592 2525 verborum
614 2493 697 2526 haec
709 2498 778 2526 est:
796 2494 928 2526 Caus—

284 2539 568 2572 sucinorum
596 2544 783 2581 agantur
810 2539 846 2572 in
869 2541 927 2572 iu-

286 2582 419 2615 diciis
441 2584 741 2624 tribulium.Q,uod
759 2585 929 2626 qniaegre

285 2630 448 2669 tulerunt,
474 2630 494 2661 ii
514 2630 677 2664 festinato
693 2631 816 2664 iudicio
840 2630 927 2662 δίκαι

286 2676 318 2706 in
359 2675 475 2706 δίκαια
515 2675 758 2718 depravarunt.
801 2695 843 2703 —-
889 2679 929 2707 lv

284 2721 509 2763 αἱρετοῑσι
562 2721 811 2763 δικασταῖς,
862 2734 878 2755 c
893 2736 927 2754 υ-

996 1670 1362 1703 Winckelmanni:
1386 1671 1421 1700 ἰν
1437 1668 1638 1711 διαιτηταῖς.

998 1716 1089 1749 conf.
1117 1727 1147 1757 p.
1173 1717 1251 1751 920.
1280 1716 1318 1747 D.
1347 1718 1382 1747 et
1409 1714 1488 1749 926.
1509 1716 1554 1747 A.
1579 1715 1638 1747 VI.

999 1774 1032 1805 p.
1060 1762 1137 1797 768.
1165 1761 1310 1795 C.D.E.

1040 1807 1134 1840 Ἐὰν
1175 1808 1212 1840 δὲ
1252 1806 1303 1839 ὦς
1343 1804 1486 1838 αὑτοῦ
1536 1804 1638 1847 ἐφά-

999 1853 1242 1895 πτηται-ξι
1270 1853 1340 1885 Sin
1367 1856 1511 1885 autem
1542 1852 1639 1894 quis

999 1901 1087 1932 sibi
1116 1900 1308 1932 vindicat
1331 1897 1447 1941 (suum
1465 1909 1542 1932 esse
1556 1907 1639 1931 con·

998 1945 1131 1986 tendit)
1160 1955 1290 1987 pecus
1317 1943 1511 1986 aliquod,
1537 1954 1639 1986 qua-

999 1993 1214 2033 lecunque
1246 1991 1410 2024 demum
1449 1993 1529 2031 sit,
1566 1994 1641 2022 aut

997 2039 1119 2071 aliud
1165 2036 1297 2079 quid,
1351 2036 1464 2077 quod
1523 2037 1640 2069 inter

998 2094 1098 2116 snae
1125 2094 1230 2125 opes
1255 2082 1639 2121 numeramur-iuis,

997 2134 1071 2172 qui
1098 2128 1344 2162 illudhabet
1363 2129 1541 2170 (manceps
1555 2127 1640 2170 est),

998 2185 1093 2208 eum
1134 2175 1314 2214 ableget
1357 2173 1406 2205 ad
1446 2172 1638 2206 vendito-

996 2231 1078 2253 rem
1106 2221 1168 2252 vel
1196 2219 1247 2252 ad
1276 2229 1384 2260 eum,
1417 2220 1487 2260 qni
1514 2219 1637 2252 dede-

996 2267 1056 2299 rit
1080 2271 1126 2297 ut
1157 2265 1281 2298 homo
1304 2265 1394 2298 side
1420 2265 1572 2308 dignus
1600 2270 1641 2298 et

994 2313 1162 2350 iustus,
1209 2315 1280 2344 aut
1317 2311 1410 2344 alio
1457 2310 1639 2353 quodam

996 2357 1124 2391 modo
1157 2357 1356 2399 legitime
1390 2357 1640 2391 tradiderit.

995 2403 1052 2437 Sic
1079 2413 1142 2436 nos
1172 2402 1256 2436 haec
1280 2403 1524 2445 intelligimus,
1555 2412 1643 2444 quae

996 2451 1100 2491 vulgo
1127 2451 1279 2490 pessime
1314 2449 1346 2481 in
1372 2449 1474 2482 alium
1504 2457 1640 2482 sensum

997 2495 1260 2537 detorquentur.
1295 2496 1378 2527 Post
1404 2493 1462 2527 ἐὰν
1487 2495 1521 2527 δὲ
1548 2493 1639 2526 vide-

997 2546 1052 2574 tur
1079 2554 1128 2578 τις
1154 2542 1338 2581 excidisse,
1364 2541 1454 2582 quod
1480 2539 1531 2573 hic
1561 2539 1641 2575 ideo

996 2588 1202 2629 requiritur,
1237 2587 1317 2628 quia
1350 2587 1432 2619 inud
1465 2596 1507 2618 ex
1544 2591 1639 2618 ante-

997 2634 1127 2675 gressis
1153 2633 1183 2664 in
1210 2632 1273 2665 hoc
1300 2642 1412 2665 novae
1438 2633 1525 2675 legis
1553 2633 1640 2673 prin-

998 2681 1091 2719 cipio
1110 2683 1302 2722 nonpotest
1316 2678 1501 2711 commode
1520 2678 1639 2719 repeti.

994 2723 1300 2767 Ἑφσήῐευθσιι
1323 2724 1340 2757 ἰ.
1361 2735 1392 2766 q.
1420 2719 1641 2765 αἰῚίχεσθαι,
