<?xml version="1.0" encoding="UTF-8"?>
<!DOCTYPE html PUBLIC "-//W3C//DTD XHTML 1.0 Transitional//EN"
    "http://www.w3.org/TR/xhtml1/DTD/xhtml1-transitional.dtd">
<html xmlns="http://www.w3.org/1999/xhtml" xml:lang="en" lang="en">
 <head>
  <title>
</title>
<meta http-equiv="Content-Type" content="text/html;charset=utf-8" />
  <meta name='ocr-system' content='tesseract 3.04.00' />
  <meta name='ocr-capabilities' content='ocr_page ocr_carea ocr_par ocr_line ocrx_word'/>
</head>
<body>
  <div class='ocr_page' id='page_1' title='image "./n3operaomniarecens10platuoft/n3operaomniarecens10platuoft_0097.png"; bbox 0 0 1781 2971; ppageno 0'>
   <div class='ocr_carea' id='block_1_1' title="bbox 0 0 20 1710">
    <p class='ocr_par' dir='ltr' id='par_1_1' title="bbox 0 0 20 1710">
     <span class='ocr_line' id='line_1_1' title="bbox 0 0 20 1710; baseline 0 0"><span class='ocrx_word' id='word_1_1' title='bbox 0 0 20 1710; x_wconf 95' lang='lat' dir='ltr'> </span> 
     </span>
    </p>
   </div>
   <div class='ocr_carea' id='block_1_2' title="bbox 120 166 1478 1343">
    <p class='ocr_par' dir='ltr' id='par_1_2' title="bbox 120 166 1478 1075">
     <span class='ocr_line' id='line_1_2' title="bbox 317 166 1472 210; baseline 0.001 -2"><span class='ocrx_word' id='word_1_2' title='bbox 317 168 396 209; x_wconf 73' lang='lat' dir='ltr'>DE</span> <span class='ocrx_word' id='word_1_3' title='bbox 432 166 705 210; x_wconf 82' lang='lat' dir='ltr'>LEGIBUS</span> <span class='ocrx_word' id='word_1_4' title='bbox 741 166 855 208; x_wconf 48' lang='lat'>12113.</span> <span class='ocrx_word' id='word_1_5' title='bbox 890 166 969 208; x_wconf 74' lang='lat' dir='ltr'>Lx.</span> <span class='ocrx_word' id='word_1_6' title='bbox 1009 170 1054 210; x_wconf 74' lang='lat' dir='ltr'>P.</span> <span class='ocrx_word' id='word_1_7' title='bbox 1087 168 1181 209; x_wconf 64' lang='lat'>875.</span> <span class='ocrx_word' id='word_1_8' title='bbox 1216 168 1278 209; x_wconf 74' lang='lat' dir='ltr'>St.</span> <span class='ocrx_word' id='word_1_9' title='bbox 1421 173 1472 209; x_wconf 61' lang='lat'>{³3</span> 
     </span>
     <span class='ocr_line' id='line_1_3' title="bbox 122 282 1474 342; baseline -0.001 -15"><span class='ocrx_word' id='word_1_10' title='bbox 122 284 329 341; x_wconf 76' lang='grc' dir='ltr'>τάξομεν,</span> <span class='ocrx_word' id='word_1_11' title='bbox 381 289 422 327; x_wconf 78' lang='grc' dir='ltr'>τί</span> <span class='ocrx_word' id='word_1_12' title='bbox 451 283 534 339; x_wconf 80' lang='grc' dir='ltr'>χρὴ</span> <span class='ocrx_word' id='word_1_13' title='bbox 571 283 649 327; x_wconf 83' lang='grc' dir='ltr'>τὸν</span> <span class='ocrx_word' id='word_1_14' title='bbox 690 286 923 340; x_wconf 77' lang='grc' dir='ltr'><em>τρώσαντα</em></span> <span class='ocrx_word' id='word_1_15' title='bbox 967 282 990 336; x_wconf 72' lang='grc' dir='ltr'><em>ἢ</em></span> <span class='ocrx_word' id='word_1_16' title='bbox 1030 301 1069 326; x_wconf 85' lang='grc' dir='ltr'>τι</span> <span class='ocrx_word' id='word_1_17' title='bbox 1105 282 1349 342; x_wconf 71' lang='grc' dir='ltr'><em>βλάψαντα</em></span> <span class='ocrx_word' id='word_1_18' title='bbox 1388 288 1474 326; x_wconf 64' lang='grc' dir='ltr'><em>ἕτε-</em></span> 
     </span>
     <span class='ocr_line' id='line_1_4' title="bbox 121 350 1473 408; baseline -0.003 -12"><span class='ocrx_word' id='word_1_19' title='bbox 121 368 201 408; x_wconf 90' lang='grc' dir='ltr'>ρον</span> <span class='ocrx_word' id='word_1_20' title='bbox 238 350 379 396; x_wconf 79' lang='grc' dir='ltr'><em>ἄλλον</em></span> <span class='ocrx_word' id='word_1_21' title='bbox 417 354 587 394; x_wconf 74' lang='grc' dir='ltr'><em>παθεῖν</em></span> <span class='ocrx_word' id='word_1_22' title='bbox 626 350 649 402; x_wconf 82' lang='grc' dir='ltr'>ἢ</span> <span class='ocrx_word' id='word_1_23' title='bbox 686 352 929 396; x_wconf 77' lang='grc' dir='ltr'><em>ἀποτίνειν.</em></span> <span class='ocrx_word' id='word_1_24' title='bbox 968 350 1203 407; x_wconf 81' lang='grc' dir='ltr'><em>πρόχειρον</em></span> <span class='ocrx_word' id='word_1_25' title='bbox 1240 350 1292 401; x_wconf 81' lang='grc' dir='ltr'>δὴ</span> <span class='ocrx_word' id='word_1_26' title='bbox 1340 354 1473 393; x_wconf 75' lang='grc' dir='ltr'><em>παντὶ</em></span> 
     </span>
     <span class='ocr_line' id='line_1_5' title="bbox 121 415 1473 476; baseline -0.001 -14"><span class='ocrx_word' id='word_1_27' title='bbox 121 422 218 474; x_wconf 82' lang='grc' dir='ltr'><em>περὶ</em></span> <span class='ocrx_word' id='word_1_28' title='bbox 255 417 424 468; x_wconf 82' lang='grc' dir='ltr'><em>παντὸς</em></span> <span class='ocrx_word' id='word_1_29' title='bbox 460 418 702 473; x_wconf 76' lang='grc' dir='ltr'><em>ὑπολαβεῖν</em></span> <span class='ocrx_word' id='word_1_30' title='bbox 745 419 926 476; x_wconf 50' lang='grc' dir='ltr'><em>ὀρθῶς</em></span> <span class='ocrx_word' id='word_1_31' title='bbox 974 415 1052 461; x_wconf 86' lang='grc' dir='ltr'>τὸν</span> <span class='ocrx_word' id='word_1_32' title='bbox 1089 424 1130 461; x_wconf 80' lang='grc' dir='ltr'>τί</span> <span class='ocrx_word' id='word_1_33' title='bbox 1177 417 1410 472; x_wconf 73' lang='grc' dir='ltr'><em>τρώσαντα</em></span> <span class='ocrx_word' id='word_1_34' title='bbox 1447 417 1473 469; x_wconf 75' lang='grc' dir='ltr'><strong><em>ἢ</em></strong></span> 
     </span>
     <span class='ocr_line' id='line_1_6' title="bbox 122 483 1476 541; baseline 0 -13"><span class='ocrx_word' id='word_1_35' title='bbox 122 490 219 529; x_wconf 86' lang='grc' dir='ltr'><em>τίνα</em></span> <span class='ocrx_word' id='word_1_36' title='bbox 256 483 280 538; x_wconf 82' lang='grc' dir='ltr'>ἢ</span> <span class='ocrx_word' id='word_1_37' title='bbox 317 487 410 536; x_wconf 78' lang='grc' dir='ltr'>πῶς</span> <span class='ocrx_word' id='word_1_38' title='bbox 445 483 469 536; x_wconf 80' lang='grc' dir='ltr'>ἢ</span> <span class='ocrx_word' id='word_1_39' title='bbox 508 484 615 527; x_wconf 84' lang='grc' dir='ltr'><em>πότε</em></span> <span class='ocrx_word' id='word_1_40' title='bbox 661 489 819 540; x_wconf 68' lang='grc' dir='ltr'><em>λὲγεις,</em></span> <span class='ocrx_word' id='word_1_41' title='bbox 864 488 1001 541; x_wconf 85' lang='grc' dir='ltr'><em>μυρία</em></span> <span class='ocrx_word' id='word_1_42' title='bbox 1046 484 1133 540; x_wconf 72' lang='grc' dir='ltr'>γὰρ</span> <span class='ocrx_word' id='word_1_43' title='bbox 1178 484 1340 527; x_wconf 75' lang='grc' dir='ltr'><em>ἕκαστά</em></span> <span class='ocrx_word' id='word_1_44' title='bbox 1389 489 1476 528; x_wconf 79' lang='grc' dir='ltr'><em>ἐστι</em></span> 
     </span>
     <span class='ocr_line' id='line_1_7' title="bbox 122 546 1478 611; baseline 0 -17"><span class='ocrx_word' id='word_1_45' title='bbox 122 552 292 596; x_wconf 80' lang='grc' dir='ltr'><em>τούτων</em></span> <span class='ocrx_word' id='word_1_46' title='bbox 330 556 401 595; x_wconf 79' lang='grc' dir='ltr'>καὶ</span> <span class='ocrx_word' id='word_1_47' title='bbox 439 550 655 606; x_wconf 73' lang='grc' dir='ltr'><em>πάμπολυ</em></span> <span class='ocrx_word' id='word_1_48' title='bbox 684 556 951 611; x_wconf 60' lang='grc' dir='ltr'><em>διαφέροντα</em></span> <span class='ocrx_word' id='word_1_49' title='bbox 983 551 1202 603; x_wconf 79' lang='grc' dir='ltr'><em>αλλήλων.</em></span> <span class='ocrx_word' id='word_1_50' title='bbox 1239 550 1359 593; x_wconf 82' lang='grc' dir='ltr'><em>ταῦτ’</em></span> <span class='ocrx_word' id='word_1_51' title='bbox 1397 546 1478 594; x_wconf 78' lang='grc' dir='ltr'>οὖν</span> 
     </span>
     <span class='ocr_line' id='line_1_8' title="bbox 122 615 1476 675; baseline 0 -14"><span class='ocrx_word' id='word_1_52' title='bbox 122 619 173 672; x_wconf 80' lang='grc' dir='ltr'>δὴ</span> <span class='ocrx_word' id='word_1_53' title='bbox 223 621 520 673; x_wconf 76' lang='grc' dir='ltr'><strong><em>δικαστηρίοις</em></strong></span> <span class='ocrx_word' id='word_1_54' title='bbox 564 624 808 675; x_wconf 76' lang='grc' dir='ltr'><em>ἐπιτρέπειν</em></span> <span class='ocrx_word' id='word_1_55' title='bbox 851 623 1013 673; x_wconf 78' lang='grc' dir='ltr'><em>κρίνειν</em></span> <span class='ocrx_word' id='word_1_56' title='bbox 1060 617 1211 659; x_wconf 73' lang='grc' dir='ltr'><em>πάντα</em></span> <span class='ocrx_word' id='word_1_57' title='bbox 1269 615 1294 669; x_wconf 77' lang='grc' dir='ltr'><em>ἢ</em></span> <span class='ocrx_word' id='word_1_58' title='bbox 1341 621 1476 672; x_wconf 78' lang='grc' dir='ltr'><em>μηδὲν</em></span> 
     </span>
     <span class='ocr_line' id='line_1_9' title="bbox 120 682 1477 741; baseline -0.002 -11"><span class='ocrx_word' id='word_1_59' title='bbox 120 686 364 730; x_wconf 76' lang='grc' dir='ltr'><em>ἀδύνατον.</em></span> <span class='ocrx_word' id='word_1_60' title='bbox 410 688 455 728; x_wconf 77' lang='grc' dir='ltr'>ἓν</span> <span class='ocrx_word' id='word_1_61' title='bbox 491 688 571 740; x_wconf 80' lang='grc' dir='ltr'>μὲν</span> <span class='ocrx_word' id='word_1_62' title='bbox 611 685 698 741; x_wconf 78' lang='grc' dir='ltr'>γὰρ</span> <span class='ocrx_word' id='word_1_63' title='bbox 734 684 847 728; x_wconf 78' lang='grc' dir='ltr'><em>κατα</em></span> <span class='ocrx_word' id='word_1_64' title='bbox 885 686 1065 727; x_wconf 72' lang='grc' dir='ltr'><em>πάντων</em></span> <span class='ocrx_word' id='word_1_65' title='bbox 1099 682 1349 736; x_wconf 78' lang='grc' dir='ltr'><em>ἀναγκαῖον</em></span> <span class='ocrx_word' id='word_1_66' title='bbox 1386 690 1477 727; x_wconf 81' lang='grc' dir='ltr'><em>ἐπι-</em></span> 
     </span>
     <span class='ocr_line' id='line_1_10' title="bbox 121 747 1476 810; baseline -0.004 -15"><span class='ocrx_word' id='word_1_67' title='bbox 121 760 292 810; x_wconf 77' lang='grc' dir='ltr'><em>τρέπειν</em></span> <span class='ocrx_word' id='word_1_68' title='bbox 342 761 507 809; x_wconf 83' lang='grc' dir='ltr'><em>κρῖναι,</em></span> <span class='ocrx_word' id='word_1_69' title='bbox 556 750 606 793; x_wconf 89' lang='grc' dir='ltr'>τὸ</span> <span class='ocrx_word' id='word_1_70' title='bbox 655 751 846 808; x_wconf 89' lang='grc' dir='ltr'><em>πότερον</em></span> <span class='ocrx_word' id='word_1_71' title='bbox 890 756 1058 806; x_wconf 68' lang='grc' dir='ltr'><em>ἐγένετο</em></span> <span class='ocrx_word' id='word_1_72' title='bbox 1109 747 1134 801; x_wconf 78' lang='grc' dir='ltr'><strong><em>ἢ</em></strong></span> <span class='ocrx_word' id='word_1_73' title='bbox 1182 749 1262 793; x_wconf 76' lang='grc' dir='ltr'>οὐκ</span> <span class='ocrx_word' id='word_1_74' title='bbox 1309 755 1476 804; x_wconf 72' lang='grc' dir='ltr'><em>ἐγένετο</em></span> 
     </span>
     <span class='ocr_line' id='line_1_11' title="bbox 120 811 1474 874; baseline -0.001 -12"><span class='ocrx_word' id='word_1_75' title='bbox 120 824 304 863; x_wconf 75' lang='grc' dir='ltr'><em>ἕκαστον</em></span> <span class='ocrx_word' id='word_1_76' title='bbox 341 818 530 861; x_wconf 76' lang='grc' dir='ltr'><em>τούτων·</em></span> <span class='ocrx_word' id='word_1_77' title='bbox 570 817 618 861; x_wconf 88' lang='grc' dir='ltr'>τὸ</span> <span class='ocrx_word' id='word_1_78' title='bbox 658 822 702 862; x_wconf 78' lang='grc' dir='ltr'>δὲ</span> <span class='ocrx_word' id='word_1_79' title='bbox 738 821 874 874; x_wconf 80' lang='grc' dir='ltr'><em>μηδὲν</em></span> <span class='ocrx_word' id='word_1_80' title='bbox 911 823 1156 873; x_wconf 73' lang='grc' dir='ltr'><em>ἐπιτρέπειν</em></span> <span class='ocrx_word' id='word_1_81' title='bbox 1191 811 1249 859; x_wconf 82' lang='grc' dir='ltr'>αὖ</span> <span class='ocrx_word' id='word_1_82' title='bbox 1272 820 1367 872; x_wconf 82' lang='grc' dir='ltr'><em>περὶ</em></span> <span class='ocrx_word' id='word_1_83' title='bbox 1394 820 1474 861; x_wconf 88' lang='grc' dir='ltr'>τοῦ</span> 
     </span>
     <span class='ocr_line' id='line_1_12' title="bbox 120 882 1476 941; baseline 0 -12"><span class='ocrx_word' id='word_1_84' title='bbox 120 890 161 930; x_wconf 88' lang='grc' dir='ltr'>τί</span> <span class='ocrx_word' id='word_1_85' title='bbox 196 889 259 930; x_wconf 84' lang='grc' dir='ltr'>δεῖ</span> <span class='ocrx_word' id='word_1_86' title='bbox 294 886 571 940; x_wconf 74' lang='grc' dir='ltr'><em>ζημιοῦσθαι</em></span> <span class='ocrx_word' id='word_1_87' title='bbox 617 888 689 930; x_wconf 81' lang='grc' dir='ltr'>καὶ</span> <span class='ocrx_word' id='word_1_88' title='bbox 720 888 903 941; x_wconf 78' lang='grc' dir='ltr'><em>πάσχειν</em></span> <span class='ocrx_word' id='word_1_89' title='bbox 949 887 991 928; x_wconf 86' lang='grc' dir='ltr'>τί</span> <span class='ocrx_word' id='word_1_90' title='bbox 1020 882 1162 940; x_wconf 80' lang='grc' dir='ltr'><em>χρεών</em></span> <span class='ocrx_word' id='word_1_91' title='bbox 1199 883 1278 928; x_wconf 86' lang='grc' dir='ltr'>τὸν</span> <span class='ocrx_word' id='word_1_92' title='bbox 1320 883 1476 937; x_wconf 80' lang='grc' dir='ltr'><em>ἀδική-</em></span> 
     </span>
     <span class='ocr_line' id='line_1_13' title="bbox 121 949 1470 1007; baseline 0 -11"><span class='ocrx_word' id='word_1_93' title='bbox 121 969 263 996; x_wconf 89' lang='grc' dir='ltr'><em>σαντα</em></span> <span class='ocrx_word' id='word_1_94' title='bbox 301 952 471 995; x_wconf 82' lang='grc' dir='ltr'><em>τούτων</em></span> <span class='ocrx_word' id='word_1_95' title='bbox 508 969 568 1001; x_wconf 87' lang='grc' dir='ltr'>τι,</span> <span class='ocrx_word' id='word_1_96' title='bbox 604 950 694 996; x_wconf 82' lang='grc' dir='ltr'><em>αλλ’</em></span> <span class='ocrx_word' id='word_1_97' title='bbox 737 951 879 996; x_wconf 79' lang='grc' dir='ltr'><em>αὐτὸν</em></span> <span class='ocrx_word' id='word_1_98' title='bbox 916 968 1011 1007; x_wconf 84' lang='grc' dir='ltr'><em>περι</em></span> <span class='ocrx_word' id='word_1_99' title='bbox 1050 949 1230 994; x_wconf 72' lang='grc' dir='ltr'><em>πάντων</em></span> <span class='ocrx_word' id='word_1_100' title='bbox 1264 955 1470 1006; x_wconf 75' lang='grc' dir='ltr'><em>νομοθε-</em></span> 
     </span>
     <span class='ocr_line' id='line_1_14' title="bbox 122 1016 1317 1075; baseline -0.002 -12"><span class='ocrx_word' id='word_1_101' title='bbox 122 1023 253 1073; x_wconf 85' lang='grc' dir='ltr'><em>τῆσαι</em></span> <span class='ocrx_word' id='word_1_102' title='bbox 290 1020 484 1075; x_wconf 81' lang='grc' dir='ltr'><em>σμικρῶν</em></span> <span class='ocrx_word' id='word_1_103' title='bbox 519 1021 592 1061; x_wconf 83' lang='grc' dir='ltr'>καὶ</span> <span class='ocrx_word' id='word_1_104' title='bbox 626 1019 848 1074; x_wconf 70' lang='grc' dir='ltr'><em>με)α’λων,</em></span> <span class='ocrx_word' id='word_1_105' title='bbox 886 1017 1040 1074; x_wconf 86' lang='grc' dir='ltr'><em>σχεδὸν</em></span> <span class='ocrx_word' id='word_1_106' title='bbox 1075 1016 1317 1062; x_wconf 82' lang='grc' dir='ltr'><em>ἀδύνατον.</em></span> 
     </span>
    </p>

    <p class='ocr_par' dir='ltr' id='par_1_3' title="bbox 225 1079 1161 1144">
     <span class='ocr_line' id='line_1_15' title="bbox 225 1079 1161 1144; baseline -0.001 -13.973"><span class='ocrx_word' id='word_1_107' title='bbox 225 1089 325 1131; x_wconf 88' lang='grc' dir='ltr'>ΚΛ.</span> <span class='ocrx_word' id='word_1_108' title='bbox 367 1089 442 1136; x_wconf 84' lang='grc' dir='ltr'>Τίς</span> <span class='ocrx_word' id='word_1_109' title='bbox 476 1079 558 1128; x_wconf 80' lang='grc' dir='ltr'>οὖν</span> <span class='ocrx_word' id='word_1_110' title='bbox 593 1083 617 1129; x_wconf 88' lang='grc' dir='ltr'>ὁ</span> <span class='ocrx_word' id='word_1_111' title='bbox 653 1085 763 1144; x_wconf 77' lang='grc' dir='ltr'><em>μετὰ</em></span> <span class='ocrx_word' id='word_1_112' title='bbox 801 1088 967 1131; x_wconf 85' lang='grc' dir='ltr'><em>τοῦτον</em></span> <span class='ocrx_word' id='word_1_113' title='bbox 1001 1083 1161 1139; x_wconf 75' lang='grc' dir='ltr'><em>λόγοςς</em></span> 
     </span>
    </p>

    <p class='ocr_par' dir='ltr' id='par_1_4' title="bbox 122 1151 1475 1275">
     <span class='ocr_line' id='line_1_16' title="bbox 223 1151 1475 1209; baseline -0.002 -12"><span class='ocrx_word' id='word_1_114' title='bbox 223 1156 322 1198; x_wconf 83' lang='grc' dir='ltr'>ΑΘ.</span> <span class='ocrx_word' id='word_1_115' title='bbox 381 1152 494 1203; x_wconf 77' lang='grc' dir='ltr'><em>Ὀδε,</em></span> <span class='ocrx_word' id='word_1_116' title='bbox 530 1151 599 1196; x_wconf 83' lang='grc' dir='ltr'>ὅτι</span> <span class='ocrx_word' id='word_1_117' title='bbox 637 1171 691 1197; x_wconf 88' lang='grc' dir='ltr'>τα</span> <span class='ocrx_word' id='word_1_118' title='bbox 732 1157 812 1209; x_wconf 86' lang='grc' dir='ltr'>μὲν</span> <span class='ocrx_word' id='word_1_119' title='bbox 849 1158 1131 1209; x_wconf 75' lang='grc' dir='ltr'><em>ἐπιτρεπτέον</em></span> <span class='ocrx_word' id='word_1_120' title='bbox 1168 1154 1475 1207; x_wconf 84' lang='grc' dir='ltr'><em>δικαστηρίοις,</em></span> 
     </span>
     <span class='ocr_line' id='line_1_17' title="bbox 122 1218 1393 1275; baseline -0.001 -11"><span class='ocrx_word' id='word_1_121' title='bbox 122 1222 175 1264; x_wconf 78' lang='grc' dir='ltr'>τὰ</span> <span class='ocrx_word' id='word_1_122' title='bbox 215 1225 259 1265; x_wconf 81' lang='grc' dir='ltr'>δὲ</span> <span class='ocrx_word' id='word_1_123' title='bbox 297 1219 376 1265; x_wconf 81' lang='grc' dir='ltr'>οὐκ</span> <span class='ocrx_word' id='word_1_124' title='bbox 411 1226 704 1274; x_wconf 71' lang='grc' dir='ltr'><em>ἐπιτρεπτέον,</em></span> <span class='ocrx_word' id='word_1_125' title='bbox 741 1218 846 1264; x_wconf 70' lang='grc' dir='ltr'>ἀλλ’</span> <span class='ocrx_word' id='word_1_126' title='bbox 884 1219 1006 1275; x_wconf 77' lang='grc' dir='ltr'><em>αὐτῷ</em></span> <span class='ocrx_word' id='word_1_127' title='bbox 1045 1221 1393 1275; x_wconf 77' lang='grc' dir='ltr'><em>νομοθετητέον.</em></span> 
     </span>
    </p>

    <p class='ocr_par' dir='ltr' id='par_1_5' title="bbox 228 1287 1473 1343">
     <span class='ocr_line' id='line_1_18' title="bbox 228 1287 1473 1343; baseline -0.002 -11"><span class='ocrx_word' id='word_1_128' title='bbox 228 1290 328 1332; x_wconf 87' lang='grc' dir='ltr'>ΚΛ.</span> <span class='ocrx_word' id='word_1_129' title='bbox 407 1288 524 1331; x_wconf 88' lang='grc' dir='ltr'><em>Ποῖα</em></span> <span class='ocrx_word' id='word_1_130' title='bbox 562 1287 614 1340; x_wconf 78' lang='grc' dir='ltr'>δὴ</span> <span class='ocrx_word' id='word_1_131' title='bbox 653 1291 983 1343; x_wconf 73' lang='grc' dir='ltr'><em>νομοθετητέον</em></span> <span class='ocrx_word' id='word_1_132' title='bbox 1023 1304 1065 1329; x_wconf 83' lang='grc' dir='ltr'>τε</span> <span class='ocrx_word' id='word_1_133' title='bbox 1104 1288 1176 1329; x_wconf 84' lang='grc' dir='ltr'>καὶ</span> <span class='ocrx_word' id='word_1_134' title='bbox 1210 1294 1319 1330; x_wconf 82' lang='grc' dir='ltr'><em>ποῖα</em></span> <span class='ocrx_word' id='word_1_135' title='bbox 1359 1288 1473 1330; x_wconf 78' lang='grc' dir='ltr'><em>ἀπο-</em></span> 
     </span>
    </p>
   </div>
   <div class='ocr_carea' id='block_1_3' title="bbox 123 1358 955 1411">
    <p class='ocr_par' dir='ltr' id='par_1_6' title="bbox 123 1358 955 1411">
     <span class='ocr_line' id='line_1_19' title="bbox 123 1358 955 1411; baseline -0.001 -12"><span class='ocrx_word' id='word_1_136' title='bbox 123 1360 274 1401; x_wconf 74' lang='grc' dir='ltr'><em>δοτέον</em></span> <span class='ocrx_word' id='word_1_137' title='bbox 310 1359 470 1411; x_wconf 81' lang='grc' dir='ltr'><em>κρίνειν</em></span> <span class='ocrx_word' id='word_1_138' title='bbox 506 1363 598 1405; x_wconf 83' lang='grc' dir='ltr'><em>τοῖς</em></span> <span class='ocrx_word' id='word_1_139' title='bbox 635 1358 955 1410; x_wconf 73' lang='grc' dir='ltr'><em>δικαστηρίοιςς</em></span> 
     </span>
    </p>
   </div>
   <div class='ocr_carea' id='block_1_4' title="bbox 124 1482 1476 1852">
    <p class='ocr_par' dir='ltr' id='par_1_7' title="bbox 217 1482 1407 1528">
     <span class='ocr_line' id='line_1_20' title="bbox 217 1482 1407 1528; baseline -0.003 -11"><span class='ocrx_word' id='word_1_140' title='bbox 217 1486 291 1518; x_wconf 76' lang='grc' dir='ltr'>ιὸι</span> <span class='ocrx_word' id='word_1_141' title='bbox 326 1484 571 1528; x_wconf 75' lang='grc' dir='ltr'><em>τρώσαντα]</em></span> <span class='ocrx_word' id='word_1_142' title='bbox 609 1485 649 1516; x_wconf 88' lang='lat' dir='ltr'>V.</span> <span class='ocrx_word' id='word_1_143' title='bbox 680 1484 716 1517; x_wconf 85' lang='grc' dir='ltr'>τὸ</span> <span class='ocrx_word' id='word_1_144' title='bbox 752 1497 820 1528; x_wconf 82' lang='grc' dir='ltr'><em>τρ.,</em></span> <span class='ocrx_word' id='word_1_145' title='bbox 852 1486 947 1527; x_wconf 92' lang='lat' dir='ltr'>quod</span> <span class='ocrx_word' id='word_1_146' title='bbox 984 1488 1178 1516; x_wconf 75' lang='lat' dir='ltr'>correctum</span> <span class='ocrx_word' id='word_1_147' title='bbox 1214 1493 1256 1515; x_wconf 86' lang='lat' dir='ltr'>ex</span> <span class='ocrx_word' id='word_1_148' title='bbox 1291 1485 1336 1516; x_wconf 90' lang='lat' dir='ltr'>A.</span> <span class='ocrx_word' id='word_1_149' title='bbox 1369 1482 1407 1515; x_wconf 82' lang='grc' dir='ltr'>Ω.</span> 
     </span>
    </p>

    <p class='ocr_par' dir='ltr' id='par_1_8' title="bbox 125 1527 1475 1658">
     <span class='ocr_line' id='line_1_21' title="bbox 127 1527 1474 1573; baseline -0.003 -8"><span class='ocrx_word' id='word_1_150' title='bbox 127 1546 154 1564; x_wconf 88' lang='lat' dir='ltr'>v.</span> <span class='ocrx_word' id='word_1_151' title='bbox 182 1534 204 1565; x_wconf 80' lang='lat' dir='ltr'>f.</span> <span class='ocrx_word' id='word_1_152' title='bbox 232 1534 265 1566; x_wconf 89' lang='lat' dir='ltr'>h.</span> <span class='ocrx_word' id='word_1_153' title='bbox 292 1544 322 1565; x_wconf 82' lang='lat' dir='ltr'>a.</span> <span class='ocrx_word' id='word_1_154' title='bbox 351 1544 380 1565; x_wconf 89' lang='lat' dir='ltr'>c.</span> <span class='ocrx_word' id='word_1_155' title='bbox 411 1531 439 1563; x_wconf 89' lang='grc' dir='ltr'>δ.</span> <span class='ocrx_word' id='word_1_156' title='bbox 466 1543 501 1564; x_wconf 92' lang='lat' dir='ltr'>o.</span> <span class='ocrx_word' id='word_1_157' title='bbox 557 1532 650 1563; x_wconf 90' lang='lat' dir='ltr'>Dein</span> <span class='ocrx_word' id='word_1_158' title='bbox 685 1529 767 1563; x_wconf 82' lang='grc' dir='ltr'><em>πότε</em></span> <span class='ocrx_word' id='word_1_159' title='bbox 801 1532 907 1573; x_wconf 74' lang='grc' dir='ltr'>λε’)εις</span> <span class='ocrx_word' id='word_1_160' title='bbox 939 1531 1020 1563; x_wconf 88' lang='lat' dir='ltr'>dedi</span> <span class='ocrx_word' id='word_1_161' title='bbox 1055 1541 1097 1562; x_wconf 81' lang='lat' dir='ltr'>ex</span> <span class='ocrx_word' id='word_1_162' title='bbox 1133 1540 1243 1570; x_wconf 86' lang='lat' dir='ltr'>mar.g</span> <span class='ocrx_word' id='word_1_163' title='bbox 1281 1527 1319 1564; x_wconf 79' lang='grc' dir='ltr'>Ω,</span> <span class='ocrx_word' id='word_1_164' title='bbox 1354 1540 1385 1562; x_wconf 82' lang='lat' dir='ltr'>a.</span> <span class='ocrx_word' id='word_1_165' title='bbox 1409 1540 1474 1572; x_wconf 92' lang='lat' dir='ltr'>pro</span> 
     </span>
     <span class='ocr_line' id='line_1_22' title="bbox 126 1573 1475 1620; baseline -0.001 -10"><span class='ocrx_word' id='word_1_166' title='bbox 126 1579 221 1620; x_wconf 86' lang='lat' dir='ltr'>vulg</span> <span class='ocrx_word' id='word_1_167' title='bbox 263 1577 391 1620; x_wconf 82' lang='grc' dir='ltr'><em>πότερα</em></span> <span class='ocrx_word' id='word_1_168' title='bbox 428 1578 550 1620; x_wconf 72' lang='grc' dir='ltr'><em>λέγεις,</em></span> <span class='ocrx_word' id='word_1_169' title='bbox 593 1578 684 1619; x_wconf 87' lang='lat' dir='ltr'>quod</span> <span class='ocrx_word' id='word_1_170' title='bbox 726 1578 877 1610; x_wconf 80' lang='lat' dir='ltr'>fortasse</span> <span class='ocrx_word' id='word_1_171' title='bbox 911 1578 948 1609; x_wconf 86' lang='lat' dir='ltr'>in</span> <span class='ocrx_word' id='word_1_172' title='bbox 984 1573 1057 1608; x_wconf 83' lang='grc' dir='ltr'><em>πότ’</em></span> <span class='ocrx_word' id='word_1_173' title='bbox 1093 1573 1159 1618; x_wconf 79' lang='grc' dir='ltr'>ἄρα</span> <span class='ocrx_word' id='word_1_174' title='bbox 1192 1577 1398 1609; x_wconf 83' lang='lat' dir='ltr'>mutandum</span> <span class='ocrx_word' id='word_1_175' title='bbox 1432 1577 1475 1608; x_wconf 83' lang='lat' dir='ltr'>de</span> 
     </span>
     <span class='ocr_line' id='line_1_23' title="bbox 124 1623 856 1667; baseline -0.001 -9.999"><span class='ocrx_word' id='word_1_176' title='bbox 124 1626 299 1658; x_wconf 85' lang='lat' dir='ltr'>sententia</span> <span class='ocrx_word' id='word_1_177' title='bbox 325 1624 466 1667; x_wconf 77' lang='lat' dir='ltr'>OrelHi,</span> <span class='ocrx_word' id='word_1_178' title='bbox 492 1628 530 1655; x_wconf 91' lang='lat' dir='ltr'>ut</span> <span class='ocrx_word' id='word_1_179' title='bbox 555 1623 639 1655; x_wconf 87' lang='lat' dir='ltr'>feeit</span> <span class='ocrx_word' id='word_1_180' title='bbox 664 1624 856 1656; x_wconf 82' lang='lat' dir='ltr'><strong>Hermann.</strong></span> 
     </span>
    </p>

    <p class='ocr_par' dir='ltr' id='par_1_9' title="bbox 124 1663 1476 1852">
     <span class='ocr_line' id='line_1_24' title="bbox 212 1663 1473 1712; baseline -0.004 -10"><span class='ocrx_word' id='word_1_181' title='bbox 212 1671 255 1703; x_wconf 85' lang='lat' dir='ltr'>E.</span> <span class='ocrx_word' id='word_1_182' title='bbox 307 1668 491 1712; x_wconf 65' lang='grc' dir='ltr'><em>ἢμνδὲι</em></span> <span class='ocrx_word' id='word_1_183' title='bbox 525 1665 761 1711; x_wconf 82' lang='grc' dir='ltr'><em>αδύνατον]</em></span> <span class='ocrx_word' id='word_1_184' title='bbox 800 1671 844 1701; x_wconf 89' lang='lat' dir='ltr'>V.</span> <span class='ocrx_word' id='word_1_185' title='bbox 877 1667 1005 1711; x_wconf 78' lang='grc' dir='ltr'><em>μηδὲια</em></span> <span class='ocrx_word' id='word_1_186' title='bbox 1041 1663 1226 1699; x_wconf 79' lang='grc' dir='ltr'><em>αδύνατον.</em></span> <span class='ocrx_word' id='word_1_187' title='bbox 1276 1665 1388 1700; x_wconf 93' lang='lat' dir='ltr'>Codd</span> <span class='ocrx_word' id='word_1_188' title='bbox 1415 1678 1473 1708; x_wconf 86' lang='grc' dir='ltr'>μη-</span> 
     </span>
     <span class='ocr_line' id='line_1_25' title="bbox 124 1711 1475 1757; baseline -0.004 -10"><span class='ocrx_word' id='word_1_189' title='bbox 124 1715 355 1749; x_wconf 77' lang='grc' dir='ltr'><em>δειαδυιατον</em></span> <span class='ocrx_word' id='word_1_190' title='bbox 386 1718 440 1749; x_wconf 77' lang='lat' dir='ltr'>vel</span> <span class='ocrx_word' id='word_1_191' title='bbox 471 1713 598 1757; x_wconf 76' lang='grc' dir='ltr'><em>μηδένα</em></span> <span class='ocrx_word' id='word_1_192' title='bbox 631 1713 796 1754; x_wconf 44' lang='lat' dir='ltr'>&amp;mmmm</span> <span class='ocrx_word' id='word_1_193' title='bbox 829 1717 865 1747; x_wconf 90' lang='lat' dir='ltr'>in</span> <span class='ocrx_word' id='word_1_194' title='bbox 898 1725 966 1757; x_wconf 90' lang='lat' dir='ltr'>quo</span> <span class='ocrx_word' id='word_1_195' title='bbox 1000 1715 1086 1746; x_wconf 84' lang='lat' dir='ltr'>latet</span> <span class='ocrx_word' id='word_1_196' title='bbox 1117 1723 1202 1744; x_wconf 86' lang='lat' dir='ltr'>vera</span> <span class='ocrx_word' id='word_1_197' title='bbox 1234 1713 1338 1744; x_wconf 83' lang='lat' dir='ltr'>lectio</span> <span class='ocrx_word' id='word_1_198' title='bbox 1370 1711 1475 1754; x_wconf 83' lang='grc' dir='ltr'><em>μηδὲν</em></span> 
     </span>
     <span class='ocr_line' id='line_1_26' title="bbox 124 1760 1476 1801; baseline -0.004 -7"><span class='ocrx_word' id='word_1_199' title='bbox 124 1760 313 1801; x_wconf 70' lang='grc' dir='ltr'><em>(ἷδύιατον,</em></span> <span class='ocrx_word' id='word_1_200' title='bbox 339 1774 359 1796; x_wconf 86' lang='lat' dir='ltr'>a</span> <span class='ocrx_word' id='word_1_201' title='bbox 384 1762 763 1796; x_wconf 85' lang='lat' dir='ltr'>Ricard.h.se1vata.</span> <span class='ocrx_word' id='word_1_202' title='bbox 813 1763 945 1794; x_wconf 86' lang='lat' dir='ltr'>Verum</span> <span class='ocrx_word' id='word_1_203' title='bbox 971 1761 1176 1792; x_wconf 82' lang='lat' dir='ltr'>coniectura</span> <span class='ocrx_word' id='word_1_204' title='bbox 1202 1763 1384 1791; x_wconf 82' lang='lat' dir='ltr'>assecutus</span> <span class='ocrx_word' id='word_1_205' title='bbox 1400 1764 1476 1791; x_wconf 83' lang='lat' dir='ltr'>erat</span> 
     </span>
     <span class='ocr_line' id='line_1_27' title="bbox 125 1808 1051 1852; baseline -0.002 -11"><span class='ocrx_word' id='word_1_206' title='bbox 125 1811 267 1849; x_wconf 88' lang='lat' dir='ltr'>Astius,</span> <span class='ocrx_word' id='word_1_207' title='bbox 292 1811 498 1852; x_wconf 84' lang='lat' dir='ltr'><strong>priusquam</strong></span> <span class='ocrx_word' id='word_1_208' title='bbox 526 1818 569 1839; x_wconf 84' lang='lat' dir='ltr'>ex</span> <span class='ocrx_word' id='word_1_209' title='bbox 596 1808 698 1840; x_wconf 81' lang='lat' dir='ltr'>codd.</span> <span class='ocrx_word' id='word_1_210' title='bbox 725 1809 768 1840; x_wconf 87' lang='lat' dir='ltr'>de</span> <span class='ocrx_word' id='word_1_211' title='bbox 795 1818 836 1840; x_wconf 86' lang='lat' dir='ltr'>eo</span> <span class='ocrx_word' id='word_1_212' title='bbox 863 1811 1051 1840; x_wconf 83' lang='lat' dir='ltr'>constaret.</span> 
     </span>
    </p>
   </div>
   <div class='ocr_carea' id='block_1_5' title="bbox 123 1917 765 2790">
    <p class='ocr_par' dir='ltr' id='par_1_10' title="bbox 123 1917 763 2052">
     <span class='ocr_line' id='line_1_28' title="bbox 124 1917 762 1964; baseline -0.003 -11"><span class='ocrx_word' id='word_1_213' title='bbox 124 1917 162 1954; x_wconf 76' lang='grc' dir='ltr'>εὖ</span> <span class='ocrx_word' id='word_1_214' title='bbox 196 1921 405 1964; x_wconf 78' lang='grc' dir='ltr'><em>τεταγμένων</em></span> <span class='ocrx_word' id='word_1_215' title='bbox 437 1918 518 1952; x_wconf 76' lang='grc' dir='ltr'>ἄλλα</span> <span class='ocrx_word' id='word_1_216' title='bbox 553 1920 659 1962; x_wconf 79' lang='grc' dir='ltr'><em>ἕτερα.</em></span> <span class='ocrx_word' id='word_1_217' title='bbox 703 1920 762 1952; x_wconf 89' lang='lat' dir='ltr'>ubi</span> 
     </span>
     <span class='ocr_line' id='line_1_29' title="bbox 126 1965 763 2006; baseline -0.005 -7"><span class='ocrx_word' id='word_1_218' title='bbox 126 1980 155 1999; x_wconf 83' lang='lat' dir='ltr'>v.</span> <span class='ocrx_word' id='word_1_219' title='bbox 187 1978 268 2000; x_wconf 83' lang='lat' dir='ltr'>ann.</span> <span class='ocrx_word' id='word_1_220' title='bbox 299 1967 412 1999; x_wconf 87' lang='lat' dir='ltr'>Prave</span> <span class='ocrx_word' id='word_1_221' title='bbox 448 1968 602 1998; x_wconf 86' lang='lat' dir='ltr'>Astius</span> <span class='ocrx_word' id='word_1_222' title='bbox 646 1965 763 2006; x_wconf 76' lang='grc' dir='ltr'><em>ἕτερον</em></span> 
     </span>
     <span class='ocr_line' id='line_1_30' title="bbox 123 2011 761 2052; baseline -0.003 -7"><span class='ocrx_word' id='word_1_223' title='bbox 123 2012 215 2052; x_wconf 73' lang='grc' dir='ltr'><em>ἄλλο,</em></span> <span class='ocrx_word' id='word_1_224' title='bbox 240 2018 278 2045; x_wconf 90' lang='lat' dir='ltr'>ut</span> <span class='ocrx_word' id='word_1_225' title='bbox 299 2011 376 2044; x_wconf 70' lang='grc' dir='ltr'>ἄλλο</span> <span class='ocrx_word' id='word_1_226' title='bbox 397 2023 474 2044; x_wconf 84' lang='lat' dir='ltr'>cum</span> <span class='ocrx_word' id='word_1_227' title='bbox 495 2014 527 2044; x_wconf 82' lang='grc' dir='ltr'>τί</span> <span class='ocrx_word' id='word_1_228' title='bbox 549 2013 761 2045; x_wconf 81' lang='lat' dir='ltr'>cohaereret.</span> 
     </span>
    </p>

    <p class='ocr_par' dir='ltr' id='par_1_11' title="bbox 125 2056 765 2790">
     <span class='ocr_line' id='line_1_31' title="bbox 172 2056 763 2101; baseline -0.005 -10"><span class='ocrx_word' id='word_1_229' title='bbox 172 2057 407 2101; x_wconf 82' lang='grc' dir='ltr'><em>πρόχειρον</em></span> <span class='ocrx_word' id='word_1_230' title='bbox 432 2056 480 2101; x_wconf 84' lang='grc' dir='ltr'>δὴ</span> <span class='ocrx_word' id='word_1_231' title='bbox 506 2059 628 2100; x_wconf 31' lang='grc' dir='ltr'><em>πιαντὶ</em></span> <span class='ocrx_word' id='word_1_232' title='bbox 645 2077 687 2081; x_wconf 93' lang='lat'>—-</span> <span class='ocrx_word' id='word_1_233' title='bbox 709 2058 763 2089; x_wconf 71' lang='grc' dir='ltr'>λέ-</span> 
     </span>
     <span class='ocr_line' id='line_1_32' title="bbox 126 2104 764 2147; baseline -0.003 -10"><span class='ocrx_word' id='word_1_234' title='bbox 126 2106 250 2147; x_wconf 74' lang='grc' dir='ltr'>γεις,·]</span> <span class='ocrx_word' id='word_1_235' title='bbox 277 2106 364 2138; x_wconf 87' lang='lat' dir='ltr'>Iam</span> <span class='ocrx_word' id='word_1_236' title='bbox 394 2115 496 2136; x_wconf 84' lang='lat' dir='ltr'>vero</span> <span class='ocrx_word' id='word_1_237' title='bbox 526 2104 764 2145; x_wconf 85' lang='lat' dir='ltr'>unicuique</span> 
     </span>
     <span class='ocr_line' id='line_1_33' title="bbox 125 2152 764 2194; baseline -0.003 -10"><span class='ocrx_word' id='word_1_238' title='bbox 125 2154 168 2184; x_wconf 88' lang='lat' dir='ltr'>in</span> <span class='ocrx_word' id='word_1_239' title='bbox 200 2155 446 2194; x_wconf 86' lang='lat' dir='ltr'>promptu</span> <span class='ocrx_word' id='word_1_240' title='bbox 481 2155 545 2183; x_wconf 87' lang='lat' dir='ltr'>est</span> <span class='ocrx_word' id='word_1_241' title='bbox 579 2152 628 2183; x_wconf 89' lang='lat' dir='ltr'>de</span> <span class='ocrx_word' id='word_1_242' title='bbox 670 2155 764 2182; x_wconf 82' lang='lat' dir='ltr'>tota</span> 
     </span>
     <span class='ocr_line' id='line_1_34' title="bbox 126 2200 763 2238; baseline -0.005 -7"><span class='ocrx_word' id='word_1_243' title='bbox 126 2207 281 2231; x_wconf 84' lang='lat' dir='ltr'><strong>caussa</strong></span> <span class='ocrx_word' id='word_1_244' title='bbox 316 2206 520 2230; x_wconf 86' lang='lat' dir='ltr'>sermone</span> <span class='ocrx_word' id='word_1_245' title='bbox 556 2200 763 2238; x_wconf 85' lang='lat' dir='ltr'>suscepto</span> 
     </span>
     <span class='ocr_line' id='line_1_35' title="bbox 127 2244 763 2286; baseline -0.002 -11"><span class='ocrx_word' id='word_1_246' title='bbox 127 2253 358 2286; x_wconf 84' lang='lat' dir='ltr'>quaerere:</span> <span class='ocrx_word' id='word_1_247' title='bbox 424 2244 763 2284; x_wconf 82' lang='lat' dir='ltr'>„vulnerantem</span> 
     </span>
     <span class='ocr_line' id='line_1_36' title="bbox 127 2291 763 2331; baseline -0.003 -9"><span class='ocrx_word' id='word_1_248' title='bbox 127 2291 333 2331; x_wconf 82' lang='lat' dir='ltr'><strong>quidnam</strong></span> <span class='ocrx_word' id='word_1_249' title='bbox 383 2294 455 2322; x_wconf 82' lang='lat' dir='ltr'>aut</span> <span class='ocrx_word' id='word_1_250' title='bbox 502 2299 763 2331; x_wconf 86' lang='lat' dir='ltr'>quemnam</span> 
     </span>
     <span class='ocr_line' id='line_1_37' title="bbox 128 2336 764 2378; baseline 0 -12"><span class='ocrx_word' id='word_1_251' title='bbox 128 2341 213 2367; x_wconf 83' lang='lat' dir='ltr'>aut·</span> <span class='ocrx_word' id='word_1_252' title='bbox 247 2336 418 2378; x_wconf 84' lang='lat' dir='ltr'>quando</span> <span class='ocrx_word' id='word_1_253' title='bbox 460 2336 661 2368; x_wconf 82' lang='lat' dir='ltr'>tandem</span> <span class='ocrx_word' id='word_1_254' title='bbox 704 2336 764 2366; x_wconf 33' lang='lat' dir='ltr'>dfi-</span> 
     </span>
     <span class='ocr_line' id='line_1_38' title="bbox 128 2381 763 2414; baseline 0 -2"><span class='ocrx_word' id='word_1_255' title='bbox 128 2382 241 2414; x_wconf 82' lang='lat' dir='ltr'>ois?“</span> <span class='ocrx_word' id='word_1_256' title='bbox 277 2381 311 2412; x_wconf 93' lang='lat' dir='ltr'>h.</span> <span class='ocrx_word' id='word_1_257' title='bbox 339 2391 368 2413; x_wconf 91' lang='lat' dir='ltr'>e.</span> <span class='ocrx_word' id='word_1_258' title='bbox 403 2382 486 2413; x_wconf 84' lang='lat' dir='ltr'>licet</span> <span class='ocrx_word' id='word_1_259' title='bbox 520 2382 691 2414; x_wconf 81' lang='lat' dir='ltr'>sciscitari</span> <span class='ocrx_word' id='word_1_260' title='bbox 721 2381 763 2412; x_wconf 89' lang='lat' dir='ltr'>de</span> 
     </span>
     <span class='ocr_line' id='line_1_39' title="bbox 129 2427 764 2460; baseline 0 -2"><span class='ocrx_word' id='word_1_261' title='bbox 129 2428 237 2459; x_wconf 83' lang='lat' dir='ltr'>variis</span> <span class='ocrx_word' id='word_1_262' title='bbox 269 2427 464 2459; x_wconf 84' lang='lat' dir='ltr'>rationibus</span> <span class='ocrx_word' id='word_1_263' title='bbox 489 2431 523 2458; x_wconf 89' lang='lat' dir='ltr'>et</span> <span class='ocrx_word' id='word_1_264' title='bbox 553 2428 764 2460; x_wconf 85' lang='lat' dir='ltr'>conditioni-</span> 
     </span>
     <span class='ocr_line' id='line_1_40' title="bbox 128 2473 761 2514; baseline 0 -10"><span class='ocrx_word' id='word_1_265' title='bbox 128 2474 204 2513; x_wconf 87' lang='lat' dir='ltr'><strong>bus,</strong></span> <span class='ocrx_word' id='word_1_266' title='bbox 231 2473 357 2514; x_wconf 82' lang='lat' dir='ltr'>quibus</span> <span class='ocrx_word' id='word_1_267' title='bbox 376 2474 573 2505; x_wconf 83' lang='lat' dir='ltr'>vulneratio</span> <span class='ocrx_word' id='word_1_268' title='bbox 589 2474 666 2505; x_wconf 84' lang='lat' dir='ltr'>fieri</span> <span class='ocrx_word' id='word_1_269' title='bbox 682 2483 761 2514; x_wconf 90' lang='lat' dir='ltr'>pos-</span> 
     </span>
     <span class='ocr_line' id='line_1_41' title="bbox 128 2516 765 2561; baseline 0 -11"><span class='ocrx_word' id='word_1_270' title='bbox 128 2521 184 2551; x_wconf 85' lang='lat' dir='ltr'>sit.</span> <span class='ocrx_word' id='word_1_271' title='bbox 224 2519 296 2550; x_wconf 86' lang='lat' dir='ltr'>Pro</span> <span class='ocrx_word' id='word_1_272' title='bbox 323 2516 404 2550; x_wconf 80' lang='grc' dir='ltr'><em>πότε</em></span> <span class='ocrx_word' id='word_1_273' title='bbox 427 2519 519 2560; x_wconf 89' lang='lat' dir='ltr'>quod</span> <span class='ocrx_word' id='word_1_274' title='bbox 547 2520 652 2561; x_wconf 80' lang='lat' dir='ltr'>vulgo</span> <span class='ocrx_word' id='word_1_275' title='bbox 678 2519 765 2559; x_wconf 87' lang='lat' dir='ltr'>legi-</span> 
     </span>
     <span class='ocr_line' id='line_1_42' title="bbox 127 2563 765 2606; baseline 0 -10"><span class='ocrx_word' id='word_1_276' title='bbox 127 2570 184 2597; x_wconf 87' lang='lat' dir='ltr'>tur</span> <span class='ocrx_word' id='word_1_277' title='bbox 222 2563 366 2606; x_wconf 80' lang='grc' dir='ltr'><em>πότερα,</em></span> <span class='ocrx_word' id='word_1_278' title='bbox 403 2565 440 2596; x_wconf 85' lang='lat' dir='ltr'>id</span> <span class='ocrx_word' id='word_1_279' title='bbox 478 2574 584 2597; x_wconf 88' lang='lat' dir='ltr'>sensu</span> <span class='ocrx_word' id='word_1_280' title='bbox 629 2575 765 2598; x_wconf 82' lang='lat' dir='ltr'>cassum</span> 
     </span>
     <span class='ocr_line' id='line_1_43' title="bbox 128 2608 764 2652; baseline -0.002 -9"><span class='ocrx_word' id='word_1_281' title='bbox 128 2617 189 2643; x_wconf 90' lang='lat' dir='ltr'>est.</span> <span class='ocrx_word' id='word_1_282' title='bbox 239 2611 334 2643; x_wconf 88' lang='lat' dir='ltr'>Vere</span> <span class='ocrx_word' id='word_1_283' title='bbox 365 2611 498 2652; x_wconf 82' lang='lat' dir='ltr'>aliquot</span> <span class='ocrx_word' id='word_1_284' title='bbox 539 2612 639 2645; x_wconf 86' lang='lat' dir='ltr'>codd.</span> <span class='ocrx_word' id='word_1_285' title='bbox 672 2608 764 2642; x_wconf 80' lang='grc' dir='ltr'><em>πότε.</em></span> 
     </span>
     <span class='ocr_line' id='line_1_44' title="bbox 128 2652 765 2698; baseline 0 -10"><span class='ocrx_word' id='word_1_286' title='bbox 128 2657 206 2690; x_wconf 79' lang='lat' dir='ltr'>Nisi</span> <span class='ocrx_word' id='word_1_287' title='bbox 224 2657 335 2688; x_wconf 82' lang='lat' dir='ltr'>-forte</span> <span class='ocrx_word' id='word_1_288' title='bbox 358 2658 396 2688; x_wconf 90' lang='lat' dir='ltr'>in</span> <span class='ocrx_word' id='word_1_289' title='bbox 421 2653 548 2697; x_wconf 83' lang='grc' dir='ltr'><em>πότερα</em></span> <span class='ocrx_word' id='word_1_290' title='bbox 572 2658 658 2698; x_wconf 80' lang='lat' dir='ltr'>latet</span> <span class='ocrx_word' id='word_1_291' title='bbox 686 2652 765 2689; x_wconf 83' lang='grc' dir='ltr'><em>πότ’</em></span> 
     </span>
     <span class='ocr_line' id='line_1_45' title="bbox 128 2701 765 2745; baseline 0 -11"><span class='ocrx_word' id='word_1_292' title='bbox 128 2701 204 2745; x_wconf 81' lang='grc' dir='ltr'><em>ἄρα,</em></span> <span class='ocrx_word' id='word_1_293' title='bbox 231 2713 320 2744; x_wconf 78' lang='lat' dir='ltr'>quae</span> <span class='ocrx_word' id='word_1_294' title='bbox 341 2707 395 2735; x_wconf 86' lang='lat' dir='ltr'>est</span> <span class='ocrx_word' id='word_1_295' title='bbox 417 2701 576 2735; x_wconf 86' lang='lat' dir='ltr'>Orellii</span> <span class='ocrx_word' id='word_1_296' title='bbox 600 2704 765 2745; x_wconf 82' lang='lat' dir='ltr'>suspicio.</span> 
     </span>
     <span class='ocr_line' id='line_1_46' title="bbox 128 2745 764 2790; baseline 0.002 -9"><span class='ocrx_word' id='word_1_297' title='bbox 128 2749 179 2782; x_wconf 81' lang='lat' dir='ltr'>De</span> <span class='ocrx_word' id='word_1_298' title='bbox 206 2745 270 2789; x_wconf 70' lang='grc' dir='ltr'>ἄρα</span> <span class='ocrx_word' id='word_1_299' title='bbox 302 2750 445 2790; x_wconf 78' lang='lat' dir='ltr'>longius</span> <span class='ocrx_word' id='word_1_300' title='bbox 480 2749 522 2781; x_wconf 82' lang='lat' dir='ltr'>ab</span> <span class='ocrx_word' id='word_1_301' title='bbox 557 2749 658 2782; x_wconf 85' lang='lat' dir='ltr'>initio</span> <span class='ocrx_word' id='word_1_302' title='bbox 694 2759 764 2782; x_wconf 84' lang='lat' dir='ltr'>ser-</span> 
     </span>
    </p>
   </div>
   <div class='ocr_carea' id='block_1_6' title="bbox 832 1916 1477 2697">
    <p class='ocr_par' dir='ltr' id='par_1_12' title="bbox 833 1916 1474 2052">
     <span class='ocr_line' id='line_1_47' title="bbox 833 1916 1474 1958; baseline -0.005 -6"><span class='ocrx_word' id='word_1_303' title='bbox 833 1921 948 1952; x_wconf 87' lang='lat' dir='ltr'>monis</span> <span class='ocrx_word' id='word_1_304' title='bbox 974 1923 1110 1951; x_wconf 86' lang='lat' dir='ltr'>remoto</span> <span class='ocrx_word' id='word_1_305' title='bbox 1137 1928 1169 1949; x_wconf 89' lang='lat' dir='ltr'>v.</span> <span class='ocrx_word' id='word_1_306' title='bbox 1190 1927 1271 1949; x_wconf 83' lang='lat' dir='ltr'>ann.</span> <span class='ocrx_word' id='word_1_307' title='bbox 1292 1918 1337 1950; x_wconf 83' lang='lat' dir='ltr'>ad</span> <span class='ocrx_word' id='word_1_308' title='bbox 1356 1916 1474 1958; x_wconf 89' lang='lat' dir='ltr'>Symp.</span> 
     </span>
     <span class='ocr_line' id='line_1_48' title="bbox 833 1963 1475 2006; baseline -0.003 -10"><span class='ocrx_word' id='word_1_309' title='bbox 833 1976 865 2006; x_wconf 91' lang='lat' dir='ltr'>p.</span> <span class='ocrx_word' id='word_1_310' title='bbox 891 1965 970 2002; x_wconf 57' lang='lat' dir='ltr'>U‘Z.</span> <span class='ocrx_word' id='word_1_311' title='bbox 997 1965 1039 1996; x_wconf 82' lang='lat' dir='ltr'>E.</span> <span class='ocrx_word' id='word_1_312' title='bbox 1075 1963 1284 2005; x_wconf 87' lang='lat' dir='ltr'>Sophist.p</span> <span class='ocrx_word' id='word_1_313' title='bbox 1325 1963 1405 1997; x_wconf 81' lang='lat'>224.</span> <span class='ocrx_word' id='word_1_314' title='bbox 1431 1963 1475 1994; x_wconf 81' lang='lat' dir='ltr'>E.</span> 
     </span>
     <span class='ocr_line' id='line_1_49' title="bbox 834 2009 1475 2052; baseline -0.005 -9"><span class='ocrx_word' id='word_1_315' title='bbox 834 2012 974 2043; x_wconf 81' lang='lat' dir='ltr'>Politic.</span> <span class='ocrx_word' id='word_1_316' title='bbox 1007 2021 1039 2052; x_wconf 90' lang='lat' dir='ltr'>p.</span> <span class='ocrx_word' id='word_1_317' title='bbox 1067 2009 1147 2043; x_wconf 83' lang='lat'>304.</span> <span class='ocrx_word' id='word_1_318' title='bbox 1181 2009 1220 2041; x_wconf 90' lang='lat' dir='ltr'>C.</span> <span class='ocrx_word' id='word_1_319' title='bbox 1244 2009 1325 2043; x_wconf 81' lang='lat'>306.</span> <span class='ocrx_word' id='word_1_320' title='bbox 1353 2010 1399 2041; x_wconf 89' lang='lat' dir='ltr'>A.</span> <span class='ocrx_word' id='word_1_321' title='bbox 1430 2009 1475 2041; x_wconf 81' lang='lat' dir='ltr'>al.</span> 
     </span>
    </p>

    <p class='ocr_par' dir='ltr' id='par_1_13' title="bbox 832 2050 1477 2697">
     <span class='ocr_line' id='line_1_50' title="bbox 879 2050 1475 2096; baseline -0.005 -7"><span class='ocrx_word' id='word_1_322' title='bbox 879 2057 922 2089; x_wconf 88' lang='lat' dir='ltr'>E.</span> <span class='ocrx_word' id='word_1_323' title='bbox 975 2052 1093 2087; x_wconf 81' lang='grc' dir='ltr'><em>ταῦτ’</em></span> <span class='ocrx_word' id='word_1_324' title='bbox 1141 2050 1220 2087; x_wconf 82' lang='grc' dir='ltr'><em>οὖν</em></span> <span class='ocrx_word' id='word_1_325' title='bbox 1269 2053 1315 2096; x_wconf 87' lang='grc' dir='ltr'>δὴ</span> <span class='ocrx_word' id='word_1_326' title='bbox 1367 2053 1475 2086; x_wconf 85' lang='grc' dir='ltr'><em>δικα-</em></span> 
     </span>
     <span class='ocr_line' id='line_1_51' title="bbox 835 2101 1476 2145; baseline -0.003 -11"><span class='ocrx_word' id='word_1_327' title='bbox 835 2101 1107 2145; x_wconf 75' lang='grc' dir='ltr'><em>στηριοιε-]</em></span> <span class='ocrx_word' id='word_1_328' title='bbox 1124 2102 1240 2134; x_wconf 84' lang='lat' dir='ltr'>Haec</span> <span class='ocrx_word' id='word_1_329' title='bbox 1268 2105 1407 2134; x_wconf 84' lang='lat' dir='ltr'>autem</span> <span class='ocrx_word' id='word_1_330' title='bbox 1432 2105 1476 2132; x_wconf 85' lang='lat' dir='ltr'>ut</span> 
     </span>
     <span class='ocr_line' id='line_1_52' title="bbox 833 2147 1475 2190; baseline -0.005 -9"><span class='ocrx_word' id='word_1_331' title='bbox 833 2150 1020 2181; x_wconf 86' lang='lat' dir='ltr'>iudiciis</span> <span class='ocrx_word' id='word_1_332' title='bbox 1061 2149 1376 2190; x_wconf 80' lang='lat' dir='ltr'>permittantur</span> <span class='ocrx_word' id='word_1_333' title='bbox 1409 2147 1475 2178; x_wconf 88' lang='lat' dir='ltr'>-iu-</span> 
     </span>
     <span class='ocr_line' id='line_1_53' title="bbox 834 2194 1477 2234; baseline -0.005 -7"><span class='ocrx_word' id='word_1_334' title='bbox 834 2196 1021 2228; x_wconf 79' lang='lat' dir='ltr'>dicanda</span> <span class='ocrx_word' id='word_1_335' title='bbox 1055 2195 1214 2234; x_wconf 85' lang='lat' dir='ltr'>omnia,</span> <span class='ocrx_word' id='word_1_336' title='bbox 1250 2197 1323 2226; x_wconf 84' lang='lat' dir='ltr'>aut</span> <span class='ocrx_word' id='word_1_337' title='bbox 1348 2197 1392 2225; x_wconf 90' lang='lat' dir='ltr'>u·t</span> <span class='ocrx_word' id='word_1_338' title='bbox 1417 2194 1477 2224; x_wconf 90' lang='lat' dir='ltr'>ni-</span> 
     </span>
     <span class='ocr_line' id='line_1_54' title="bbox 832 2240 1476 2274; baseline -0.003 -1"><span class='ocrx_word' id='word_1_339' title='bbox 832 2242 894 2273; x_wconf 86' lang='lat' dir='ltr'>hil</span> <span class='ocrx_word' id='word_1_340' title='bbox 943 2243 1127 2274; x_wconf 83' lang='lat' dir='ltr'>istorum</span> <span class='ocrx_word' id='word_1_341' title='bbox 1182 2241 1369 2272; x_wconf 89' lang='lat' dir='ltr'>omnium</span> <span class='ocrx_word' id='word_1_342' title='bbox 1415 2240 1476 2271; x_wconf 87' lang='lat' dir='ltr'>iis</span> 
     </span>
     <span class='ocr_line' id='line_1_55' title="bbox 832 2286 1474 2326; baseline -0.003 -7"><span class='ocrx_word' id='word_1_343' title='bbox 832 2288 1140 2326; x_wconf 84' lang='lat' dir='ltr'>committatur,</span> <span class='ocrx_word' id='word_1_344' title='bbox 1165 2286 1272 2318; x_wconf 85' lang='lat' dir='ltr'>fieri</span> <span class='ocrx_word' id='word_1_345' title='bbox 1297 2295 1384 2318; x_wconf 89' lang='lat' dir='ltr'>non</span> <span class='ocrx_word' id='word_1_346' title='bbox 1406 2294 1474 2326; x_wconf 87' lang='lat' dir='ltr'>po-</span> 
     </span>
     <span class='ocr_line' id='line_1_56' title="bbox 832 2331 1475 2373; baseline -0.002 -9"><span class='ocrx_word' id='word_1_347' title='bbox 832 2338 932 2367; x_wconf 84' lang='lat' dir='ltr'>test.</span> <span class='ocrx_word' id='word_1_348' title='bbox 971 2333 1064 2365; x_wconf 88' lang='lat' dir='ltr'>Nam</span> <span class='ocrx_word' id='word_1_349' title='bbox 1089 2336 1304 2373; x_wconf 87' lang='lat' dir='ltr'>postremum</span> <span class='ocrx_word' id='word_1_350' title='bbox 1330 2331 1475 2373; x_wconf 89' lang='lat' dir='ltr'>quidem</span> 
     </span>
     <span class='ocr_line' id='line_1_57' title="bbox 832 2377 1472 2420; baseline -0.003 -9"><span class='ocrx_word' id='word_1_351' title='bbox 832 2380 912 2411; x_wconf 92' lang='lat' dir='ltr'>ideo</span> <span class='ocrx_word' id='word_1_352' title='bbox 944 2390 1014 2411; x_wconf 91' lang='lat' dir='ltr'>non</span> <span class='ocrx_word' id='word_1_353' title='bbox 1050 2383 1168 2420; x_wconf 83' lang='lat' dir='ltr'>potest</span> <span class='ocrx_word' id='word_1_354' title='bbox 1199 2379 1294 2418; x_wconf 84' lang='lat' dir='ltr'>fieri,</span> <span class='ocrx_word' id='word_1_355' title='bbox 1329 2377 1412 2419; x_wconf 86' lang='lat' dir='ltr'>quia</span> <span class='ocrx_word' id='word_1_356' title='bbox 1436 2378 1472 2409; x_wconf 92' lang='lat' dir='ltr'>in</span> 
     </span>
     <span class='ocr_line' id='line_1_58' title="bbox 834 2424 1474 2457; baseline -0.005 0"><span class='ocrx_word' id='word_1_357' title='bbox 834 2426 993 2457; x_wconf 83' lang='lat' dir='ltr'>omnibus</span> <span class='ocrx_word' id='word_1_358' title='bbox 1020 2424 1195 2456; x_wconf 88' lang='lat' dir='ltr'>eiusmodi</span> <span class='ocrx_word' id='word_1_359' title='bbox 1209 2425 1347 2456; x_wconf 87' lang='lat' dir='ltr'>casibus</span> <span class='ocrx_word' id='word_1_360' title='bbox 1366 2433 1474 2454; x_wconf 90' lang='lat' dir='ltr'>unum</span> 
     </span>
     <span class='ocr_line' id='line_1_59' title="bbox 833 2470 1473 2511; baseline -0.003 -8"><span class='ocrx_word' id='word_1_361' title='bbox 833 2476 925 2503; x_wconf 77' lang='lat' dir='ltr'>certe</span> <span class='ocrx_word' id='word_1_362' title='bbox 957 2473 1001 2503; x_wconf 84' lang='lat' dir='ltr'>iis</span> <span class='ocrx_word' id='word_1_363' title='bbox 1032 2470 1280 2511; x_wconf 87' lang='lat' dir='ltr'>reliquendum</span> <span class='ocrx_word' id='word_1_364' title='bbox 1313 2479 1473 2502; x_wconf 85' lang='lat' dir='ltr'>necessa-</span> 
     </span>
     <span class='ocr_line' id='line_1_60' title="bbox 834 2515 1473 2558; baseline -0.003 -9"><span class='ocrx_word' id='word_1_365' title='bbox 834 2518 888 2549; x_wconf 91' lang='lat' dir='ltr'>rio</span> <span class='ocrx_word' id='word_1_366' title='bbox 922 2522 992 2557; x_wconf 85' lang='lat' dir='ltr'>est,</span> <span class='ocrx_word' id='word_1_367' title='bbox 1030 2522 1069 2548; x_wconf 84' lang='lat' dir='ltr'>ut</span> <span class='ocrx_word' id='word_1_368' title='bbox 1104 2521 1292 2558; x_wconf 83' lang='lat' dir='ltr'>quaeratur</span> <span class='ocrx_word' id='word_1_369' title='bbox 1327 2515 1473 2554; x_wconf 83' lang='lat' dir='ltr'>scilieet,</span> 
     </span>
     <span class='ocr_line' id='line_1_61' title="bbox 834 2562 1473 2603; baseline -0.003 -8"><span class='ocrx_word' id='word_1_370' title='bbox 834 2568 950 2595; x_wconf 85' lang='lat' dir='ltr'>utrum</span> <span class='ocrx_word' id='word_1_371' title='bbox 978 2563 1115 2595; x_wconf 81' lang='lat' dir='ltr'>facinus</span> <span class='ocrx_word' id='word_1_372' title='bbox 1141 2563 1286 2603; x_wconf 83' lang='lat' dir='ltr'>aliquod</span> <span class='ocrx_word' id='word_1_373' title='bbox 1313 2562 1473 2594; x_wconf 85' lang='lat' dir='ltr'>commis-</span> 
     </span>
     <span class='ocr_line' id='line_1_62' title="bbox 835 2608 1474 2650; baseline -0.006 -8"><span class='ocrx_word' id='word_1_374' title='bbox 835 2620 910 2642; x_wconf 88' lang='lat' dir='ltr'>sum</span> <span class='ocrx_word' id='word_1_375' title='bbox 936 2610 992 2650; x_wconf 83' lang='lat' dir='ltr'>sit,</span> <span class='ocrx_word' id='word_1_376' title='bbox 1017 2618 1139 2641; x_wconf 81' lang='lat' dir='ltr'>neone.</span> <span class='ocrx_word' id='word_1_377' title='bbox 1184 2609 1232 2640; x_wconf 87' lang='lat' dir='ltr'>Et</span> <span class='ocrx_word' id='word_1_378' title='bbox 1256 2618 1340 2640; x_wconf 89' lang='lat' dir='ltr'>vero</span> <span class='ocrx_word' id='word_1_379' title='bbox 1368 2608 1474 2640; x_wconf 89' lang='lat' dir='ltr'>etiam</span> 
     </span>
     <span class='ocr_line' id='line_1_63' title="bbox 834 2654 1476 2697; baseline -0.006 -9"><span class='ocrx_word' id='word_1_380' title='bbox 834 2657 877 2688; x_wconf 85' lang='lat' dir='ltr'>de</span> <span class='ocrx_word' id='word_1_381' title='bbox 911 2656 1036 2697; x_wconf 86' lang='lat' dir='ltr'>poenis</span> <span class='ocrx_word' id='word_1_382' title='bbox 1070 2664 1139 2686; x_wconf 91' lang='lat' dir='ltr'>non</span> <span class='ocrx_word' id='word_1_383' title='bbox 1174 2659 1322 2696; x_wconf 88' lang='lat' dir='ltr'>possunt</span> <span class='ocrx_word' id='word_1_384' title='bbox 1358 2654 1476 2685; x_wconf 83' lang='lat' dir='ltr'>omnia</span> 
     </span>
    </p>
   </div>
   <div class='ocr_carea' id='block_1_7' title="bbox 1507 898 1588 939">
    <p class='ocr_par' dir='ltr' id='par_1_14' title="bbox 1507 898 1588 939">
     <span class='ocr_line' id='line_1_64' title="bbox 1507 898 1588 939; baseline -0.025 0"><span class='ocrx_word' id='word_1_385' title='bbox 1507 898 1588 939; x_wconf 71' lang='lat'>876</span> 
     </span>
    </p>
   </div>
   <div class='ocr_carea' id='block_1_8' title="bbox 834 2699 1511 2743">
    <p class='ocr_par' dir='ltr' id='par_1_15' title="bbox 834 2699 1511 2743">
     <span class='ocr_line' id='line_1_65' title="bbox 834 2699 1511 2743; baseline -0.007 -8"><span class='ocrx_word' id='word_1_386' title='bbox 834 2712 874 2735; x_wconf 85' lang='lat' dir='ltr'>ac</span> <span class='ocrx_word' id='word_1_387' title='bbox 908 2702 1048 2743; x_wconf 86' lang='lat' dir='ltr'>singula</span> <span class='ocrx_word' id='word_1_388' title='bbox 1073 2701 1220 2742; x_wconf 65' lang='lat' dir='ltr'>legibus</span> <span class='ocrx_word' id='word_1_389' title='bbox 1240 2699 1390 2743; x_wconf 85' lang='lat' dir='ltr'>publicis</span> <span class='ocrx_word' id='word_1_390' title='bbox 1416 2699 1475 2731; x_wconf 84' lang='lat' dir='ltr'>de·</span> <span class='ocrx_word' id='word_1_391' title='bbox 1508 2734 1511 2735; x_wconf 15' lang='lat'><em>⁷</em></span> 
     </span>
    </p>
   </div>
   <div class='ocr_carea' id='block_1_9' title="bbox 832 2746 1475 2790">
    <p class='ocr_par' dir='ltr' id='par_1_16' title="bbox 832 2746 1475 2790">
     <span class='ocr_line' id='line_1_66' title="bbox 832 2746 1475 2790; baseline -0.008 -10"><span class='ocrx_word' id='word_1_392' title='bbox 832 2748 925 2780; x_wconf 83' lang='lat' dir='ltr'>finiri</span> <span class='ocrx_word' id='word_1_393' title='bbox 959 2753 1064 2790; x_wconf 86' lang='lat' dir='ltr'>atque</span> <span class='ocrx_word' id='word_1_394' title='bbox 1095 2747 1236 2780; x_wconf 77' lang='lat' dir='ltr'>sanciri.</span> <span class='ocrx_word' id='word_1_395' title='bbox 1292 2746 1389 2779; x_wconf 82' lang='lat' dir='ltr'>Haec</span> <span class='ocrx_word' id='word_1_396' title='bbox 1423 2749 1475 2776; x_wconf 80' lang='lat' dir='ltr'>est</span> 
     </span>
    </p>
   </div>
  </div>
 </body>
</html>
