1781 2971
202 416 239 456 B

199 1009 236 1050 C

264 161 315 197 94
756 151 786 190 P
802 152 839 192 L
854 151 996 192 ATU
1010 150 1048 192 N
1069 148 1133 191 IS

368 270 478 348 Cup.
522 265 650 312 XIV.
725 268 820 309 ΑΘ.
898 265 1015 309 Τάδε
1052 266 1104 317 δὴ
1142 257 1250 321 μετὰ
1291 265 1431 306 ταῦτα
1468 263 1612 319 ὀρθά·

269 339 364 380 τατ’
416 337 473 379 ἂν
519 339 653 377 ειπεῖν
691 333 777 385 εἴη,
822 330 879 381 ὡς
913 337 958 374 ἐν
1009 334 1153 383 πόλει,
1199 337 1245 374 ἐν
1282 325 1306 391 ἦ
1353 329 1612 385 δικαστηρια

268 406 420 463 φαῦλα
470 403 542 444 καὶ
600 400 783 457 ἄφωνα,
842 400 1084 442 κλέπτοντα
1136 398 1217 448 τὰς
1270 395 1419 439 αὑτῶν
1472 396 1615 447 δόξας,

266 469 460 527 κρύβδην
509 467 590 516 τὰς
625 470 782 520 κρίσεις
818 464 1077 516 διαδικάζει,
1113 467 1184 506 καὶ
1220 462 1242 507 ὃ
1279 462 1441 506 τούτου
1477 462 1616 505 δεινά·

268 553 407 592 τερον,
444 533 556 577 ὅταν
589 535 697 587 μηδὲ
733 533 924 585 σιγῶντα
961 529 1076 573 ἀλλὰ
1115 531 1320 586 θορύβου
1358 528 1509 585 μεστοί,
1541 545 1616 570 κα-

270 601 426 656 &oin-513
465 604 652 655 θέατρα,
689 597 960 642 ἐπαινοῦντα
1000 615 1046 640 τε
1081 598 1164 657 βοῆ
1195 599 1266 639 καὶ
1302 602 1503 655 ψέγοντα
1531 595 1618 636 τῶν

270 668 471 726 ρητόρων
505 665 718 721 ἑκατερον
759 671 804 708 ὲν
840 670 958 719 μέρει
993 667 1130 724 κρίνη,
1162 662 1358 719 χαλεπὸν
1395 662 1494 706 τότε
1533 660 1618 703 na'·
1660 695 1667 704 .

273 743 363 785 θος
399 733 479 794 ὅλη
515 736 567 793 τῆ
605 734 729 776 πόλει
764 736 832 787 21'7
825 734 1002 774 νεσθαι
1037 734 1166 789 ᾳιλεῖ.
1201 738 1293 780 τοῖς
1327 723 1408 773 οὖν
1442 727 1494 780 δὴ
1529 745 1619 771 τοι-

274 801 423 851 ούτοις
468 803 766 876 δικαστηρίοις
810 800 1077 853 νομοθετεῖν
1121 796 1207 841 ὑπό
1259 813 1376 847 τινος
1422 794 1622 850 ἀνάὶκης

273 872 509 928 ληφθέντα
547 866 627 911 οὐκ
665 865 839 920 εὐτυχὲς
876 870 974 919 μέν,
1019 863 1135 918 ὅμως
1171 867 1214 907 δὲ
1251 865 1294 915 ἐξ
1328 863 1527 917 άναᾉκης
1564 878 1620 904 ει-

247 939 491 991 ’λημμένον
528 933 551 976 ὅ
593 950 631 974 τι
680 936 774 987 περὶ
819 930 1090 986 σμικρότατα
1137 936 1421 986 ἐπιτρεπτέον
1469 927 1624 979 αὐτοῖς

277 1019 453 1045 ταττειν
477 1018 557 1051 τας
593 1001 758 1053 ζημίας,
795 1016 850 1041 τα
880 1000 925 1040 δὲ
962 1000 1143 1041 πλεῖστα
1178 996 1319 1040 αὐτὸν
1352 999 1624 1052 νομοθετεῖν

274 1067 541 1127 διαρρήδην,
585 1065 643 1109 liv
691 1083 752 1116 τις
794 1063 884 1122 ἄρα
925 1064 1104 1124 τοιαύτῃ
1153 1067 1349 1118 πολιτείᾳ
1394 1064 1623 1123 νομοθετῇ

276 1142 392 1181 ποτε.
433 1140 478 1178 ὲν
515 1128 539 1194 ᾗ
578 1135 622 1176 δὲ
661 1131 718 1175 ἂν
755 1133 879 1176 πόλει
922 1130 1177 1188 δικαστήρια
1212 1136 1271 1181 εὶς
1314 1131 1503 1185 δύναμιν
1540 1128 1622 1185 ὁρ-

378 1289 416 1321 Ρ.
442 1287 521 1322 876.
578 1285 651 1318 Τίς
678 1280 753 1316 οὖν
779 1282 797 1316 ὁ
839 1282 936 1323 μετὰ
970 1284 1126 1316 τοῦτον
1160 1285 1208 1326 L]
1241 1284 1476 1317 Personarum
1511 1286 1546 1315 in
1571 1284 1625 1315 bis

279 1335 540 1368 distinctionem
573 1334 607 1364 in
642 1332 739 1363 libris
771 1332 979 1372 quibusdam
1014 1331 1067 1362 bis
1101 1332 1266 1364 omissam
1299 1340 1374 1362 esse
1401 1335 1564 1362 narratur
1588 1330 1624 1361 in

279 1393 360 1414 ann.
386 1391 496 1420 marg.
526 1377 564 1409 Ω.
592 1389 623 1410 3.
651 1389 679 1410 c

371 1427 412 1458 B.
461 1425 528 1456 καὶ
567 1422 586 1456 ὂ
613 1421 772 1455 τούτου
804 1419 1079 1462 δεινότεροι]
1113 1421 1195 1453 Ald.
1221 1421 1304 1452 Bas.
1333 1423 1364 1454 1.
1392 1422 1477 1453 Lov.
1507 1421 1625 1462 Steph.

282 1471 303 1504 ὅ
332 1485 368 1504 τι.
420 1471 502 1503 Sed.
534 1468 553 1500 ὃ
578 1470 658 1502 Bas.
685 1470 717 1502 Ξ.)-
750 1480 824 1501 curn
851 1468 953 1500 codd.
979 1478 1060 1500 mss.
1088 1469 1267 1510 plerisque
1294 1468 1466 1500 omnibus.

282 1584 437 1615 universi
464 1583 529 1614 loci
563 1584 753 1621 sententia,
788 1583 825 1612 in
853 1590 923 1622 qua

284 1631 370 1661 nihil
404 1630 560 1660 videmus
595 1629 687 1670 qnod
721 1637 823 1669 quem
851 1637 922 1658 me-

282 1677 351 1707 rito
376 1680 543 1707 moxmetur

330 1721 416 1762 Cap.
444 1721 545 1752 XIV.
598 1719 635 1750 Ρ.
663 1718 740 1752 *76-
778 1718 818 1749 Β.
869 1715 922 1748 ὠς

283 1767 327 1798 ἐν
354 1765 491 1801 πόλει
525 1764 569 1796 ἐι·
605 1777 623 1805 ῃ
664 1762 922 1805 δικαστήρια

282 1813 512 1854 —-]Iu‹1icia
555 1812 629 1842 vult
679 1821 741 1842 nec
788 1815 923 1842 secreta

283 1870 370 1900 esse,
397 1868 486 1899 quae
509 1858 597 1889 clam
623 1857 815 1888 sententias
842 1867 921 1888 suas

989 1582 1025 1612 in
1061 1580 1210 1621 apodosi
1252 1579 1435 1620 subiungit
1482 1579 1626 1620 χαλεπὸν

991 1624 1065 1657 τότε
1090 1623 1209 1656 πάθος
1232 1644 1276 1648 -
1304 1627 1401 1665 φιλεῖ,
1427 1637 1515 1667 qnae
1534 1632 1627 1657 certe

989 1673 1092 1704 aliter
1137 1672 1276 1702 fuerant
1318 1672 1548 1713 enuntianda,
1597 1674 1626 1705 si

990 1718 1128 1760 periodi
1159 1718 1296 1748 initium
1329 1723 1491 1750 accurate
1517 1719 1626 1760 respi-

991 1769 1138 1796 ceretur.
1188 1763 1350 1796 Ceterum
1387 1764 1536 1796 κλέπτειν
1570 1766 1629 1797 τὰς

991 1807 1105 1841 αὐτῶν
1131 1806 1237 1848 δόξας
1261 1810 1439 1849 eleganter
1464 1811 1627 1843 dicuntur

989 1857 1134 1894 iudices,
1160 1856 1217 1896 qui
1245 1853 1401 1898 κρύβδην
1419 1854 1476 1888 τὰς
1502 1859 1629 1898 κρίσεις

282 1906 397 1937 ferant
417 1913 547 1945 easque
563 1903 668 1934 veluti
694 1902 922 1942 suffurentur,
991 1900 1264 1942 διαδικάζουσιν,
1300 1903 1406 1934 clam
1447 1912 1628 1934 caussas

282 1962 347 1983 neo
380 1952 431 1981 ita
466 1950 625 1991 publica,
655 1954 693 1979 ut
723 1949 760 1979 in
792 1945 850 1981 iit*
868 1959 921 1980 re-

283 2001 366 2039 gnet
393 1996 595 2027 turbulenta
622 1995 743 2035 populi
768 1994 922 2034 lie-entia,

285 2054 354 2084 qua
387 2043 475 2073 nihil
511 2041 702 2073 arbitratur
737 2041 922 2072 universae

285 2089 418 2120 civitati
447 2098 524 2119 esse
554 2087 800 2127 perniciosius.
856 2086 924 2117 Po-

287 2135 424 2165 sti-emis
474 2133 589 2164 verbis
631 2132 745 2163 notari
787 2132 924 2163 videtur

286 2180 515 2211 immoderata
547 2179 667 2220 populi
696 2178 925 2210 Atheniensis

285 2226 440 2265 libertas,
466 2226 570 2257 etiam
586 2225 622 2255 in
639 2224 784 2255 iudiciis
812 2225 924 2265 publi-

287 2273 336 2304 cis
370 2271 531 2313 prodita,
565 2271 602 2301 id
637 2270 733 2312 quod
759 2270 923 2311 probabi-

287 2319 367 2349 liter
416 2318 614 2358 suspicatur
655 2317 925 2350 Hei-mannus

287 2364 343 2395 De
373 2364 534 2404 vestigiis
568 2367 630 2395 etr.
657 2373 690 2403 p.
718 2361 772 2395 44.
804 2362 925 2394 Perio-

289 2410 354 2441 dns
379 2410 545 2441 universa
561 2409 767 2449 explicanda
783 2418 824 2439 ex
844 2417 926 2439 ana-

290 2455 429 2486 colutho
462 2460 524 2487 est.
574 2453 665 2486 Nam
696 2455 778 2485 inde
805 2464 825 2486 a
849 2463 926 2486 ver-

290 2501 360 2532 bis:
397 2501 450 2531 καὶ
478 2498 497 2531 ὃ
524 2497 651 2531 τούτου
677 2498 870 2541 δεινότερον
896 2510 925 2530 κ.

291 2558 317 2577 τ.
345 2546 370 2577 λ.
399 2547 441 2578 ab
466 2546 649 2578 institutae
677 2547 847 2578 orationis
873 2555 926 2577 ra-

291 2593 388 2624 tione
458 2591 664 2624 deflectitur.
740 2591 927 2624 Immemor

290 2638 383 2670 enim
411 2638 637 2670 Atheniensis
668 2638 863 2678 antegressi
889 2639 929 2668 il-

253 2710 258 2714 .
291 2686 360 2716 lius
392 2682 429 2715 ἐν
455 2676 474 2724 ᾗ
507 2685 574 2716 iam
608 2694 670 2725 per
704 2681 786 2715 ὅταν
818 2684 927 2715 conti-

292 2735 375 2762 nuat
418 2740 611 2762 sermonem
656 2734 762 2770 atque
803 2729 928 2761 deind«³

990 1948 1253 1987 diiudicant,
1290 1958 1509 1989 quoi-umque
1538 1949 1628 1980 iudi-

990 1995 1045 2026 cia
1062 1995 1142 2025 ideo
1168 1998 1249 2024 sunt
1275 1994 1390 2033 φαῦλα
1415 1994 1468 2026 καὶ
1493 1992 1629 2035 ἄφωνα,

992 2050 1130 2081 prava
1159 2045 1289 2080 atque
1320 2045 1444 2073 muta.
1494 2042 1630 2082 Quippe

993 2085 1143 2116 κλέπτειν
1169 2097 1196 2117 τι
1222 2095 1290 2116 non
1317 2087 1421 2118 modo
1457 2086 1630 2128 significat

992 2125 1165 2171 furari?
1203 2131 1504 2163 fraudulenter
1553 2132 1628 2165 ali-

993 2177 1095 2218 quid
1121 2177 1294 2209 auferre
1318 2188 1362 2209 ac
1383 2178 1468 2210 sibi
1498 2179 1629 2210 vindi-

993 2233 1108 2261 care3
1134 2223 1195 2254 sed
1211 2223 1352 2263 ponitur
1366 2235 1382 2254 ‹
1387 2225 1469 2256 tiam
1489 2235 1529 2256 ea
1548 2225 1583 2256 vi
1597 2232 1631 2256 et

991 2273 1178 2318 potestate,
1192 2273 1229 2299 ut
1247 2270 1308 2300 sit.
1335 2271 1441 2302 elam
1461 2272 1630 2313 aliquid

993 2310 1152 2354 faeere,
1189 2315 1383 2348 latenter
1407 2326 1628 2360 peragere,

995 2361 1285 2393 clandestinis
1319 2362 1527 2396 machinis
1563 2374 1629 2405 pa-

993 2417 1082 2438 rare
1121 2407 1189 2438 vel
1233 2407 1466 2440 efficere.
1520 2409 1628 2442 plat.

994 2453 1105 2494 Legg.
1130 2453 1178 2484 X.
1205 2463 1237 2493 p.
1255 2453 1335 2487 910.
1362 2453 1402 2485 B.
1429 2454 1484 2486 ἵνα
1507 2453 1551 2497 μή
1577 2456 1630 2487 καὶ

996 2499 1098 2530 ταῦτα
1124 2497 1320 2531 κλέπτοντες
1349 2497 1518 2541 πράξεσιν.
1559 2500 1628 2533 So—

995 2545 1138 2586 phocl.
1175 2546 1273 2578 Aiac.
1311 2557 1341 2577 v.
1378 2546 1478 2580 1137.
1532 2543 1629 2578 πόλλ’

996 2587 1037 2622 ἂν
1078 2591 1190 2622 κακῶς
1233 2589 1346 2634 λάθρᾳ
1389 2589 1432 2624 σὺ
1477 2593 1631 2633 κλέψειτις

999 2635 1093 2668 κακά.
1129 2635 1334 2678 Sophosl.
1373 2638 1428 2672 ΕΙ.
1453 2637 1510 2672 37.
1560 2638 1629 2670 κλέ-

999 2694 1091 2714 πτειν
1125 2682 1271 2724 σφαγάς.
1326 2684 1496 2716 Aelian.
1528 2686 1630 2719 Varr.

998 2730 1087 2761 Hist.
1116 2729 1179 2761 ΙΙΙ.
1204 2729 1257 2763 47.
1310 2727 1458 2762 κλέπτειν
1484 2727 1544 2770 τὴν
1571 2734 1630 2762 τεί-
