1781 2971
303 152 385 194 332
752 145 1210 190 ARGUMENTUM

303 263 405 304 dato
447 265 659 316 perpetuo
701 260 940 301 functuros.
1000 258 1060 300 Hi
1098 272 1197 299 vero
1237 256 1518 312 magistratus
1558 269 1650 307 eos,

303 319 378 372 qui
416 330 593 358 munere
644 316 789 370 aliquo
830 315 1005 370 publico
1056 315 1196 356 functi
1247 313 1434 364 fuerint,
1478 311 1651 366 publice

302 373 497 416 iudicent
536 378 666 427 atque
705 372 901 427 puniant.
963 372 1189 412 Ornentur
1220 376 1361 410 autem
1392 368 1455 409 illi
1486 375 1530 409 et
1561 367 1652 408 vivi

303 437 347 472 et
386 428 545 471 mortui
586 429 763 470 summis
804 427 1040 469 honoribus
1083 433 1214 480 atque
1258 425 1484 482 praemiis,
1517 423 1651 478 siqui-

303 487 400 528 dem
430 487 474 527 in
506 484 727 541 fungendo
759 484 906 526 officio
946 499 1024 525 suo
1063 483 1189 538 probi
1221 490 1264 524 et
1293 481 1463 524 honesti
1492 480 1653 537 reperti

303 543 464 585 fuerint
495 543 557 597 (p.
589 543 685 584 045.
717 542 769 582 Β.
797 566 848 571 -
868 541 965 583 948.
998 541 1086 593 Α.).
1113 564 1168 569 -
1227 538 1519 580 Iurisiurandi
1549 551 1653 578 usus

303 600 347 641 in
373 599 547 640 iudiciis
578 599 722 639 nullus
754 598 836 651 sit,
869 597 1129 650 omninoque
1159 595 1212 635 iis
1242 602 1410 636 tantum
1441 593 1653 636 conceda-

302 663 398 709 tur,
441 655 600 710 quibus
641 654 874 711 periurium
912 653 1114 694 videatur
1150 651 1256 692 nihil
1297 652 1529 693 allaturum
1560 664 1654 691 esse

305 711 522 755 commodi
570 717 612 752 et
658 710 861 752 utilitatis
912 710 982 765 (p.
1025 710 1120 751 948.
1173 708 1224 750 B.
1255 733 1310 739 -
1341 710 1435 750 949.
1470 706 1568 761 C.).
1601 730 1654 736 -

306 769 527 812 Oneribus
569 767 754 823 publicis
791 767 828 808 si
869 767 965 820 quis
1016 780 1062 807 se
1102 765 1387 819 subtraxerit,
1436 765 1473 806 is
1512 762 1655 819 prouti

305 826 444 867 minor
485 830 560 865 aut
596 824 732 865 maior
773 823 903 864 fuerit
943 822 1034 864 eius
1074 822 1118 862 in
1160 821 1241 863 hac
1280 836 1326 862 re
1365 819 1653 872 contumacia,

306 883 492 923 minores
540 880 778 922 maioresve
818 893 981 934 poenas
1021 878 1114 919 luat
1155 879 1221 933 (p.
1253 880 1349 919 945).
1383 875 1433 918 C.
1470 877 1568 930 D.)
1602 900 1656 905 —

307 937 628 980 Commercium
668 951 765 978 cum
805 936 899 977 aliis
930 935 1105 990 populis
1138 941 1179 975 et
1210 934 1414 989 gentibus
1445 934 1525 974 etsi
1556 932 1656 973 huic

306 994 473 1037 civitati
510 999 685 1035 nostrae
715 1008 804 1033 non
834 991 1008 1033 videtur
1038 992 1330 1032 necessarium
1362 1003 1480 1042 esse,
1522 1003 1657 1043 quan-

306 1050 539 1105 doquidem
582 1064 632 1090 ea
670 1048 832 1090 nullam
863 1049 1033 1090 factura
1072 1053 1138 1089 est
1174 1053 1483 1098 mercaturam,
1513 1052 1657 1086 tamen

306 1106 679 1164 peregrinationes
710 1121 797 1147 non
830 1112 932 1147 sunt
962 1103 1311 1154 interdicendae3
1352 1103 1514 1144 habent
1545 1102 1658 1143 enim

306 1165 404 1206 illae
434 1164 517 1205 hoc
548 1162 764 1215 utilitatis,
797 1168 845 1203 ut
876 1161 1056 1202 aliorum
1088 1160 1310 1201 hominum
1341 1173 1508 1211 mores,
1539 1158 1658 1213 leges

307 1227 351 1263 et
389 1220 592 1262 instituta
622 1233 888 1274 cognoscere
919 1217 1072 1269 liceat,
1116 1216 1230 1258 unde
1268 1216 1501 1271 plurimum
1542 1229 1657 1257 com-

307 1277 425 1320 modi
457 1277 501 1317 in
531 1275 840 1331 rempublicam
879 1272 1156 1315 redundabit.
1217 1273 1375 1327 Neque
1406 1287 1508 1313 vero
1541 1277 1658 1313 exte-

307 1349 451 1376 rorum
482 1332 765 1374 commoratio
794 1331 839 1372 in
879 1336 1031 1372 nostra
1070 1329 1246 1371 civitate
1277 1327 1548 1384 prohibenda
1579 1333 1658 1380 est,

308 1391 392 1433 nisi
423 1389 584 1431 crimen
614 1387 941 1429 inhumanitatis
972 1386 1118 1428 subire
1149 1386 1344 1428 velimus.
1406 1384 1659 1427 Constitua-

309 1454 379 1489 tur
407 1452 552 1487 tamen
583 1445 678 1501 lege
711 1444 808 1498 hoc,
840 1455 888 1485 ut
918 1443 1185 1500 peregrinari
1217 1443 1376 1484 nemini
1407 1442 1579 1498 privato
1609 1441 1660 1482 li-

308 1509 428 1556 ceat,
470 1502 555 1544 nisi
599 1502 673 1556 qui
713 1500 1091 1557 quadragesimum
1135 1500 1291 1541 aetatis
1330 1514 1490 1540 annum
1531 1512 1659 1552 supe-

307 1559 480 1603 raverit.
553 1557 735 1600 Publice
775 1573 879 1600 vero
919 1571 1102 1613 peregre
1146 1556 1367 1611 proficisci
1405 1556 1660 1611 permissum

309 1618 367 1659 sit
396 1615 709 1673 praeconibus,
742 1614 925 1670 legatis,
958 1613 1328 1669 speculatoribus,
1371 1611 1560 1666 denique
1590 1611 1658 1663 iis,

309 1674 384 1728 qui
425 1687 647 1714 sacrorum
685 1671 973 1725 ludorumque
1023 1669 1205 1711 Graecis
1255 1669 1546 1711 communium
1590 1682 1660 1710 so-

308 1729 468 1772 lemnia
498 1729 670 1769 obeant.
722 1729 955 1768 Praeterea
986 1726 1113 1768 etiam
1132 1726 1198 1779 iis,
1233 1726 1306 1780 qui
1336 1740 1478 1766 rerum
1509 1724 1660 1766 huma-

308 1802 460 1829 narum
488 1800 616 1826 usum
642 1790 685 1825 et
712 1784 908 1826 notitiam
938 1784 983 1824 in
1014 1783 1256 1839 peregrinis
1295 1782 1423 1823 terris
1454 1781 1660 1837 colligere

309 1842 540 1895 voluerint,
570 1841 880 1897 peregrinandi
912 1839 1038 1881 venia
1067 1854 1092 1880 a
1121 1840 1262 1895 legum
1295 1837 1551 1881 custodibus
1583 1841 1662 1879 im—

309 1900 534 1955 pertiatur.
594 1897 780 1939 Prodest
823 1897 935 1938 enim
967 1911 1018 1937 ea
1048 1911 1117 1937 res
1146 1896 1379 1951 plurimum
1411 1895 1466 1936 ad
1497 1894 1661 1936 cultum

310 1954 589 1998 humanitatis
627 1955 852 2009 ipsamque
883 1952 1218 2007 rempublicam,
1257 1951 1388 1994 modo
1431 1951 1661 2006 prohibea-

309 2023 381 2054 tur
410 2012 614 2053 itinerum
645 2011 822 2063 abusus,
850 2025 901 2051 ac
930 2009 1202 2062 detrimenta,
1236 2023 1345 2063 quae
1378 2008 1529 2051 afferre
1549 2013 1660 2063 ‘pos-

311 2071 423 2122 sint,
462 2074 724 2110 avertantur.
784 2066 939 2120 Itaque
982 2067 1165 2122 primum
1198 2065 1372 2120 quidem
1410 2066 1463 2108 iis
1492 2070 1660 2106 tantum

310 2124 682 2181 peregrinationes
715 2123 1025 2175 concedantur,
1058 2122 1132 2176 qui
1162 2138 1327 2164 morum
1358 2121 1587 2163 honestate
1620 2126 1664 2162 et

311 2182 474 2237 ingenii
504 2182 698 2223 bonitate
730 2179 964 2232 excellant,
1011 2193 1148 2232 eaque
1178 2179 1305 2220 venia
1332 2177 1416 2219 illis
1445 2178 1662 2219 tribuatur

310 2236 411 2281 inde
443 2239 496 2281 ab
529 2236 891 2292 quinquagesimo
923 2235 1076 2276 aetatis
1105 2249 1217 2276 anno
1250 2249 1386 2289 usque
1416 2233 1472 2275 ad
1502 2249 1661 2276 annum

311 2295 643 2350 sexagesimum.
704 2293 790 2346 Qui
823 2291 997 2348 quidem
1029 2290 1239 2344 homines,
1285 2292 1358 2332 ubi
1389 2290 1562 2333 domum
1594 2305 1662 2332 re-

313 2352 445 2394 duces
485 2352 587 2393 facti
619 2351 800 2403 fuerint,
843 2346 1200 2391 communicanda
1230 2363 1326 2389 cum
1366 2348 1462 2389 aliis
1503 2362 1660 2400 rerum,

313 2424 422 2463 quas
465 2408 722 2460 didicerint,
767 2406 921 2448 notitia
952 2411 995 2446 et
1025 2405 1310 2459 cognititione
1343 2405 1523 2446 multum
1556 2419 1661 2445 sane

312 2465 519 2522 prodesse
561 2471 770 2520 poterunt
800 2462 962 2518 patriae
994 2462 1036 2502 in
1069 2461 1355 2503 conventibus
1388 2462 1441 2503 ab
1474 2461 1526 2502 iis
1556 2461 1662 2502 civi-

311 2523 393 2563 bus
436 2521 740 2574 instituendis,
785 2520 856 2574 qui
889 2519 1006 2573 leges
1036 2517 1277 2572 inspiciunt
1308 2519 1424 2572 (τῶν
1456 2521 1549 2570 περὶ
1584 2516 1662 2559 νό-

311 2595 424 2632 μους
453 2578 827 2631 ἐποπτευόντων).
871 2576 1010 2618 Sunto
1033 2580 1174 2615 autem
1199 2576 1267 2617 isti
1291 2574 1537 2617 sacerdotes
1559 2589 1661 2627 pru-

313 2634 465 2677 dentes
487 2641 531 2676 et
559 2633 748 2687 honesti,
780 2631 1052 2675 educationis
1083 2638 1303 2674 curatores
1335 2637 1393 2685 et,
1427 2631 1499 2686 qui
1530 2630 1584 2672 ab
1608 2630 1661 2671 iis

313 2699 516 2745 tanquam
538 2692 581 2733 in
612 2690 883 2746 disciplinam
921 2688 1200 2742 recipiuntur,
1231 2689 1347 2731 cives
1369 2688 1558 2729 iuniores
1587 2687 1662 2728 tri-
