1781 2971
167 146 251 187 DE
283 145 558 189 LEGIBUS
592 146 707 188 LIB.
744 146 800 190 X.
833 148 883 189 P.
916 150 1011 191 937.
1045 150 1140 191 938.
1177 149 1241 193 St.
1320 151 1402 192 329

51 258 190 312 ὄντος·
218 260 380 305 τούτου
416 264 506 313 πῶς
544 262 596 306 οὐ
632 266 705 307 καὶ
739 262 790 307 τὸ
826 265 1040 316 ξυνδικεῖν
1075 264 1179 321 ἡμῖν
1220 266 1398 322 γίγνοιτ’

49 326 108 370 ἂν
143 326 304 382 καλῶς
346 329 471 372 ταῦτ’
512 323 593 373 οὖν
629 333 819 375 τοιαῦτα
858 330 969 375 ὄντα
1006 334 1191 388 διαβολή
1226 351 1290 384 τις
1325 352 1403 378 κα-

50 393 115 447 κή,
162 396 301 439 καλὸν
348 395 490 452 ὄνομα
539 404 878 454 προστησαμένη
925 406 1100 455 τέχνην,
1137 399 1163 454 ἢ
1223 404 1402 457 πρῶτον

48 464 128 517 μὲν
164 464 217 516 δή
250 479 386 522 φησιν
423 463 534 507 εἶναι’
561 481 659 507 τινα
685 468 816 509 δικῶν
850 466 1065 522 μηχανήν,
1105 467 1217 511 εἶναι
1254 467 1292 511 δ’
1321 468 1402 510 αὐ-

48 528 131 580 τὴν
167 532 228 584 τῷ
265 547 308 573 τε
345 530 623 574 δικάσασθαι
658 550 730 574 και
767 533 980 584 §matuatus
1016 532 1137 587 ἄλλῳ
1176 537 1304 577 νικᾶν
1329 538 1400 578 δυ-

48 601 264 649 ναμένην,
309 594 367 640 ἄν
404 597 442 640 τ’
485 592 565 641 οὖν
612 601 758 641 δίκαια
795 599 853 642 ἄν
897 617 940 642 τε
975 598 1034 653 μὴ
1073 617 1127 642 τα
1177 604 1274 658 περὶ
1323 606 1402 654 τὴν

48 666 172 716 δίκην
208 665 400 717 ἑκάστην
433 657 458 724 ᾖ
499 672 805 721 πεπραγμένα·
844 665 1013 722 δωρεὰν
1044 665 1082 708 δ
1127 666 1267 719 αὐτῆς
1290 668 1398 711 εἶναι
1432 676 1513 718 938

46 732 125 782 τῆς
171 735 320 786 τέχνης
355 734 427 774 καὶ
473 733 562 774 τῶν
608 731 750 785 λόγων
793 735 882 774 τῶν
917 738 961 775 ὲκ
999 734 1078 784 τῆς
1125 740 1293 789 τέχνης,
1341 732 1400 778 ἂν

45 797 346 855 ἀντιδωρῆταί
391 815 454 848 τις
495 797 718 855 χρήματα.

767 800 935 852 ταύτην
982 793 1064 844 οὖν
1102 805 1147 844 ἐν
1183 803 1234 861 τῇ
1285 801 1393 858 παρ’

136 945 252 981 εἶναι
279 945 313 980 δ’
342 947 474 992 αυτὴν
501 950 552 993 τῷ
578 963 615 982 τε
620 950 935 1008 δικάσασθαι]
965 954 1046 985 Ald
1072 955 1162 985 lov.
1189 955 1292 987 Bass.
1319 956 1350 989 1.
1366 956 1396 988 2

45 993 159 1028 ANJQ

45 1134 220 1166 Cornarii.

47 1227 120 1258 Vat.
150 1227 174 1258 f.
201 1236 228 1257 r.
257 1226 438 1268 δυναμένη.

188 997 225 1030 Ξ.
254 1007 286 1028 v.
311 1007 340 1028 r.
366 1007 401 1028 x.
429 1008 459 1028 a.
485 1008 512 1028 0.
541 995 570 1029 δ.
597 999 683 1030 εἶναι
708 995 737 1030 δ’
763 997 848 1041 αὕτη
881 1001 942 1031 τοῦ
968 1011 1002 1031 τε
1027 1000 1089 1031 δικ.
1119 1000 1191 1032 Sed
1215 1012 1325 1042 marg.
1359 999 1397 1032 Ω.

44 1053 75 1073 a.
103 1052 130 1073 c.
159 1041 188 1073 3.
216 1047 249 1074 et
277 1043 355 1074 Vat.
383 1043 407 1074 f.
431 1043 527 1075 Flor
556 1054 587 1075 o.
613 1044 699 1085 ἐχειν
725 1041 753 1076 δ’
777 1042 820 1077 ἄν
846 1043 930 1087 αὕτη
958 1046 1021 1077 τοῦ
1047 1057 1079 1077 τε
1105 1045 1132 1077 δ.

44 1089 179 1129 phanus
215 1089 343 1120 edidit·
382 1085 467 1120 εἶναι
504 1085 531 1120 δ’
572 1086 681 1131 αὐτὴν
717 1091 763 1134 τῷ
797 1103 829 1122 τε
855 1090 904 1130 3.,

1183 1047 1285 1085 Quod
1314 1047 1393 1079 Ste-

931 1093 967 1123 id
993 1093 1141 1124 debetur
1168 1094 1394 1125 coniecturae

271 1138 390 1188 Atque
414 1137 451 1167 id
477 1146 594 1167 verum
621 1147 713 1174 esse,
740 1147 783 1168 ex
809 1148 850 1169 eo
876 1117 1033 1179 a’pparet,
1061 1141 1155 1179 quod
1181 1140 1308 1171 deinde
1335 1138 1394 1170 δυ-

44 1180 192 1221 ναμένην
216 1183 408 1213 communis
435 1187 487 1213 est
511 1184 664 1214 omnium
692 1183 763 1216 fere
788 1185 958 1215 librorum
982 1186 1166 1225 scriptura.

1217 1185 1308 1217 Nam
1326 1186 1393 1217 soli

490 1226 726 1261 Schneiderus
764 1231 905 1271 scripsit
940 1226 1025 1271 αὐτὴ
1064 1231 1138 1262 τοῦ
1166 1242 1197 1262 τε
1231 1230 1295 1262 δικ.
1324 1242 1395 1263 ser-

42 1278 126 1305 vato
153 1272 356 1314 δυι·αμε’νην,
382 1275 443 1305 sed
471 1274 534 1304 τοῦ
559 1285 653 1306 mero
681 1276 814 1307 arbitro
841 1287 903 1316 pro
931 1277 977 1317 τῷ
1004 1278 1158 1310 invecto.

135 1319 200 1351 καὶ
226 1318 448 1358 ξυνδικεῐιν
483 1317 604 1364 ἄλλῳ]
643 1320 824 1360 ξυνδοκεῖν
856 1333 892 1355 1...

861 1322 885 1343 τ’
929 1322 1093 1354 Ceterum
1126 1324 1230 1364 vulgo
1267 1324 1395 1357 scribe-

43 1366 146 1398 batur
173 1364 360 1403 συνδικείπ,
385 1367 506 1397 invitis
533 1368 632 1399 codd.
661 1368 835 1421 plerisque
861 1369 1034 1400 omnibus

136 1411 175 1443 P.
202 1411 281 1446 938

42 1458 142 1489 kero.

17 1521 25 1533 1
43 1514 77 1534 ῐέ
102 1499 151 1535 εἶν
154 1515 198 1535 at.

42 1619 245 1660 pravitas
271 1620 310 1650 in
339 1620 496 1651 malam
522 1621 683 1651 invidi-

43 1675 106 1697 am
132 1666 353 1706 perducit,
387 1667 497 1698 artis
530 1677 683 1698 nomen

41 1712 127 1743 sibi
163 1715 423 1754 praetexens
461 1717 536 1743 etr.
592 1712 682 1744 Nam

42 1757 159 1799 τέχνην
193 1768 236 1790 ne
271 1759 349 1799 quis
384 1759 421 1790 in
462 1759 581 1799 τέχνης
622 1765 683 1790 aut

42 1815 119 1836 011111
144 1805 396 1836 Hermanno
424 1805 460 1836 in
489 1805 582 1846 τέχνη
607 1816 682 1836 11111-

41 1855 151 1882 tatum
177 1856 243 1891 eat,
259 1851 450 1891 prohibent
475 1857 566 1882 certe
585 1852 680 1890 talia,

43 1897 160 1938 qualia
189 1898 434 1928 annotavimus
470 1898 514 1928 ad
549 1896 681 1938 Cratyl.

42 1953 74 1984 p.
102 1942 180 1976 392.
208 1943 248 1974 B.
299 1943 364 1974 His
391 1953 474 1974 vero
500 1944 549 1973 ita
577 1953 681 1983 expe-

43 1989 144 2028 ditis,
182 1989 385 2020 facillimam
421 1990 681 2029 interpretatio-

41 2045 119 2067 nem
144 2036 326 2076 sequentia
349 2035 497 2074 habent,
533 2045 681 2076 quorum

41 2092 164 2114 sensus
187 2083 243 2113 hic
268 2086 339 2113 est:
367 2091 475 2122 quae
502 2083 680 2122 primum

41 2129 209 2169 quidem
267 2130 514 2167 asseverat,
571 2137 681 2159 esse

42 2175 256 2215 quoddam
282 2183 536 2206 caussarum
558 2183 681 2214 agen-

42 2221 190 2253 darum
234 2221 495 2258 artificium,
546 2225 678 2260 atque

41 2277 172 2308 posse
198 2266 285 2298 ·1100
315 2266 606 2306 disceptando
639 2269 680 2297 et

40 2314 226 2345 alterum
268 2312 550 2344 defendendo
590 2313 679 2343 vin-

42 2369 160 2399 cere,
207 2358 303 2390 sive
335 2360 457 2390 iusta
493 2359 586 2390 sive
623 2359 679 2389 in-

41 2406 162 2437 iusta
188 2404 274 2435 sint
305 2415 411 2444 quae
435 2406 477 2436 in
506 2404 679 2436 iudicio

41 2455 245 2492 agantur5
290 2461 438 2482 munus
470 2455 607 2481 autem
641 2454 681 2481 et

41 2499 229 2538 gratiam
254 2497 366 2537 eius,
391 2506 514 2538 quum
538 2497 680 2536 ipsius

42 2543 239 2576 artificii
293 2547 376 2574 tum
426 2543 679 2574 orationum

42 2591 142 2622 inde
166 2587 559 2631 proficiscentium,
586 2598 677 2628 sup-

42 2641 190 2677 petere
214 2635 264 2673 01,
285 2636 352 2676 qui
379 2635 579 2665 vicissim
599 2635 678 2665 lar-

43 2683 189 2723 giatur
224 2683 465 2721 pecuniam.
503 2677 679 2721 Μηχανή

43 2726 169 2761 δικῶν
210 2732 278 2760 est:
319 2727 504 2760 artificium
541 2736 679 2758 caussa-

332 1410 500 1454 δωρεὰν
528 1409 562 1443 δ’
588 1410 721 1454 αὐτῆς
744 1410 878 1468 εἶναι]
912 1411 999 1454 αυτῇ
1031 1425 1082 1456 pr.
1110 1416 1155 1446 A.
1187 1419 1276 1447 teste
1301 1415 1394 1447 Bek-

191 1457 262 1489 Sed
288 1463 378 1490 teste
404 1458 524 1490 Bastio
552 1470 629 1491 cum
655 1460 760 1492 Voss.
791 1456 898 1502 αι’-τῆς
924 1457 952 1491 τ’
978 1455 1075 1492 εἶναι.
1104 1466 1199 1502 Ang.
1231 1461 1306 1493 Vat.
1323 1462 1346 1495 f.
1367 1473 1394 1496 1.

751 1630 826 1663 qim
852 1621 1086 1661 agendarum,
1122 1631 1190 1661 quo
1215 1614 1304 1661 'quis
1330 1631 1394 1652 no—

752 1667 802 1697 vit
829 1677 948 1698 omnes
973 1672 1066 1698 artes
1092 1672 1125 1698 et
1149 1667 1393 1699 fraudulentas

750 1712 941 1753 machinas,
969 1714 1094 1753 quibus
1111 1713 1147 1743 in
1166 1713 1296 1744 iudicio
1318 1714 1393 1745 vin·

750 1760 780 1790 ci
807 1764 922 1799 queat.
972 1759 1065 1790 Dein
1091 1754 1177 1790 εἶναι
1201 1757 1393 1800 δυναμένην

747 1805 769 1836 i.
809 1815 841 1845 q.
878 1803 1069 1842 δύνασθαι,
1107 1810 1146 1835 111
1175 1807 1392 1837 consecutio-

748 1861 826 1882 nem
871 1851 1056 1883 verborum
1096 1857 1265 1892 appareat
1302 1852 1392 1883 hanc

748 1906 840 1928 esse:
869 1895 1044 1928 δύνασθαι
1069 1895 1105 1927 δὲ
1129 1893 1238 1938 αὖτῆν
1253 1896 1392 1939 (ταύτην

750 1940 810 1983 τὴν
841 1941 945 1974 δικῶν
970 1941 1139 1984 μηχανὴν)
1166 1944 1263 1974 νικᾶν
1292 1944 1338 1985 τῷ
1359 1953 1392 1974 τε

751 1985 961 2025 δικάσασθαι
998 1989 1050 2020 καὶ
1087 1987 1260 2019 συνδικεῖν
1291 1987 1389 2031 ἄλλῳ.

751 2033 985 2071 Quamobrem
1023 2035 1154 2066 frustra
1195 2037 1227 2066 A
1245 2046 1260 2066 s
1276 2040 1290 2065 t
1305 2036 1316 2066 i
1333 2046 1355 2065 11
1375 2045 1390 2066 s

749 2085 831 2121 post
869 2077 976 2122 αὐτὴν
1012 2081 1196 2112 articulum
1241 2078 1301 2122 τὴν
1337 2091 1390 2113 re-

749 2128 919 2168 quirebat.
950 2127 1064 2159 Porro
1091 2134 1172 2167 post
1197 2125 1304 2169 αύτῆς
1328 2137 1391 2169 per

749 2175 1008 2214 appositionem
1051 2174 1282 2205 adiiciuntur=
1332 2173 1391 2214 τῆς

747 2219 863 2261 τέχνης
890 2220 943 2251 καὶ
971 2219 1037 2251 τῶν
1063 2217 1175 2261 λόγων
1193 2220 1259 2250 τῶν
1272 2217 1308 2249 ἐκ
1331 2219 1391 2260 τῆς

746 2265 878 2308 τέχνης,
903 2270 988 2298 11010
1014 2266 1154 2297 dicendi
1180 2275 1320 2306 genere,
1347 2266 1391 2296 de

744 2323 815 2353 quo
847 2313 1099 2353 explicavimus
1126 2311 1170 2343 ad
1197 2311 1332 2344 Criton.
1354 2321 1388 2351 p.

744 2358 802 2392 59.
829 2358 874 2390 D.
902 2357 1064 2400 Sympos.
1090 2368 1123 2399 p.
1143 2357 1223 2391 221.
1251 2358 1290 2390 D.
1316 2356 1389 2388 Ita-

746 2414 811 2445 que
837 2411 976 2446 praeter
1000 2404 1243 2435 necessitatem
1269 2404 1388 2434 Asti-

747 2460 792 2481 us
818 2451 1040 2483 scribendum
1056 2450 1236 2482 censebat:
1265 2446 1390 2490 ταύτης

746 2491 832 2527 εἶναι
865 2498 924 2538 τῆς
955 2496 1070 2537 τέχνης
1101 2507 1129 2525 κ.
1158 2506 1183 2527 τ.
1210 2495 1236 2526 λ.
1289 2494 1389 2526 Cete-

746 2552 821 2573 rum
848 2544 890 2575 de
916 2539 1170 2583 λογογράφοις,
1207 2543 1267 2582 qui
1299 2552 1388 2573 mer—

745 2589 830 2619 cede
856 2590 1018 2621 conducti
1051 2589 1229 2619 orationes
1263 2588 1387 2619 indici-

744 2635 816 2666 ales
831 2635 1108 2667 conscribebant.
1127 2645 1157 2664 v.
1176 2634 1385 2674 Euthydem.

745 2690 765 2720 p
805 2681 883 2716 305.
919 2681 958 2714 B.
994 2681 1145 2712 Phaedr.
1173 2691 1205 2721 p.
1233 2679 1310 2715 258.
1340 2681 1383 2711 A.

746 2736 820 2766 sqq.
