1781 2971
431 145 817 189 EPINOMIS.
861 145 910 186 P.
943 147 1037 188 987.
1070 145 1133 188 St.
1385 147 1464 187 519

113 264 255 323 φόρος
290 264 472 318 ἕσπερος
507 280 550 305 τε
588 261 647 305 ὢν
694 261 832 313 αὐτὸς
863 265 1125 321 Ἀφροδίτης
1164 262 1275 306 εἶναι
1311 262 1464 319 σχεδὸν

113 338 198 388 ἔχει
231 329 365 384 λόγον
401 338 473 374 καιι
507 329 629 385 μα’λα
668 331 823 386 ,Συρίῳ
861 335 1092 392 νομοθέτῃ
1129 336 1317 387 πρέπον,
1358 329 1380 373 ὁ
1419 331 1457 373 δ’

114 398 368 455 ομοδρομος
410 398 515 452 ἡλίῳ
553 414 596 440 τε
640 396 735 451 ἅμα
782 400 853 440 καὶ
901 398 1045 452 τούτῳ
1092 397 1244 453 σχεδὸν
1278 397 1461 453 Ἑρμοῦ·

116 474 228 520 τρεῖς
265 464 304 508 δ’
355 470 415 508 ἔτι
460 463 608 523 (ιροροὲ,ι
652 467 839 518 λέγωμεν
884 468 952 508 ἐπὶ
998 463 1113 516 δεξιά
1159 472 1462 520 πορευομένων

112 536 222 588 μετά
269 533 448 584 σελήνης
486 549 527 574 τε
563 535 633 574 καὶ
681 530 823 584 ἡλίου.
862 537 938 574 ἕνα
976 535 1020 576 δὲ
1058 530 1136 574 τὸν
1182 530 1342 587 ὄγδοον
1376 534 1458 588 χρὴ

111 604 258 655 λέγειν,
295 597 346 642 ὃν
378 598 553 654 μάλιστ’
595 596 653 642 ἄν
686 616 751 649 τις
785 598 876 641 ἄνω
924 600 1090 653 κόσμον
1126 600 1460 655 προςαγορεύοι,

114 666 162 718 ὃς
209 670 410 716 ἐναντίος
454 671 630 716 ἐκείνοις
673 666 865 721 ξύμπασι
902 667 1154 723 πορεύεται,
1200 665 1322 722 ἄγων
1359 667 1463 718 τοὺς

116 801 168 831 καὶ
195 795 344 837 ὀνόματα
370 796 527 838 εἰλήφασι
560 793 641 837 παρ’
668 796 780 828 ἐνίων.

203 841 257 875 ὢν
293 840 420 874 αὐτὸς
456 862 481 865 —
515 841 675 882 σχεδὸν,
699 839 863 897 Ἐρμοιῖ
874 842 884 883 ]
913 844 1046 884 Vuigo:
1075 840 1094 873 ὁ
1127 839 1236 874 αὐτὸς
1259 840 1360 881 ειίαι,
1393 845 1457 886 ἔχει

114 889 154 934 δὴ
174 889 300 944 ‘Myon
329 886 348 920 ὁ
375 886 407 920 δ’
435 886 632 929 ομόδρομος
654 886 750 931 Ἡλίῳ
777 900 810 920 τε
838 886 903 928 ἅμα
930 890 982 920 καὶ
1011 888 1119 931 τούτῳ
1140 888 1307 930 Στίλβων,
1333 894 1456 924 ceteris

113 939 264 976 omissis,
288 941 326 966 ut
349 937 424 968 cod.
456 934 497 966 Z.
526 936 689 976 Ple1ique
714 940 830 967 tamen
856 932 963 966 αὐτὸς
987 947 1049 977 pro
1076 932 1193 968 αὑτός.

206 984 387 1023 λέγωμεν
414 980 479 1012 ἐπὶ
506 979 648 1023 δεξιὰ]
680 982 714 1015 V
744 983 1056 1023 leyogzsz,praete1
1078 983 1181 1014 fidem
1207 983 1378 1015 codicum.

205 1027 366 1068 μάλιστ’
398 1025 446 1059 ἅν
482 1027 561 1070 τις]
589 1025 631 1058 ἄν
664 1038 731 1059 om.
763 1026 887 1062 ΩΖΞ.
916 1029 1018 1060 Voss.
1047 1039 1077 1060 a.
1104 1039 1131 1060 c.
1161 1027 1190 1060 δ.
1219 1040 1247 1059 ο.
1279 1031 1382 1061 etiam
1410 1031 1452 1061 A.

114 1081 201 1108 teste
226 1075 359 1107 Bastio.

206 1119 252 1152 ὃς
287 1119 484 1151 ἐναντίος
509 1138 550 1143 --
587 1118 697 1160 ἄγων
730 1117 828 1151 τοὺς
865 1118 1041 1161 ἄλλους]
1068 1120 1206 1153 Desunt
1238 1121 1323 1153 haec
1351 1123 1455 1154 verba

112 1170 220 1209 vuigo
251 1168 490 1199 consentiente
517 1177 583 1198 uno
611 1166 686 1197 eod.
715 1164 756 1196 Z.

113 1282 216 1322 Syria
241 1291 269 1312 c.
287 1279 343 1312 22.
360 1276 420 1310 31:
448 1289 536 1319 quos
562 1279 660 1310 locos
679 1288 748 1309 me-

111 1332 225 1359 morat
250 1326 416 1358 Astius.
448 1325 502 1355 Ex
530 1335 599 1366 quo
624 1324 748 1356 Creu-

112 1383 239 1405 zerus
265 1373 395 1412 aliique
421 1371 652 1411 collegerunt,
686 1372 748 1402 eti—

111 1431 165 1452 am
197 1420 327 1451 cultum
355 1418 500 1448 Veneris
528 1422 564 1448 ut
594 1418 748 1458 reliquo-

112 1476 188 1498 rum
227 1469 374 1496 naturae
406 1464 551 1501 deorum
585 1473 627 1494 ex
661 1464 750 1495 Asia

111 1513 157 1544 ad
192 1510 348 1543 Graecos
389 1515 617 1551 propagatum
660 1519 748 1541 esse.

112 1559 171 1590 sed
197 1568 229 1589 v.
259 1556 461 1588 Creuzer.
488 1555 645 1596 Symbol.
667 1556 748 1588 Vol.

112 1604 152 1636 11.
180 1614 212 1644 p.
238 1601 421 1636 10—417.

159 1646 177 1680 ὁ
198 1645 232 1680 δ’
254 1645 498 1688 ὁμόδρομος
516 1666 558 1672 --
577 1645 747 1689 Ἑρμοῦ]

111 1695 236 1728 Cicero
260 1696 314 1727 De
331 1694 376 1726 N.
397 1694 441 1724 D.
467 1694 507 1726 ΙΙ.
533 1695 587 1734 20,
605 1694 661 1728 53.
688 1694 747 1725 In-

110 1743 178 1774 fra
203 1743 308 1773 hanc
333 1745 472 1772 autem
492 1740 748 1773 (stellamMar-

110 1790 169 1828 tis)
196 1789 320 1820 stella
343 1787 542 1818 Mercurii
569 1792 634 1819 est
689 1787 745 1818 Ea

112 1834 292 1875 στίλβων
308 1833 556 1874 appellatur
580 1843 600 1865 a
619 1831 746 1864 Grae-

111 1882 188 1919 cis3
208 1890 313 1921 quae
332 1889 444 1910 anno
465 1879 558 1910 fere
578 1885 745 1910 verten-

111 1933 150 1958 te
205 1926 434 1966 igniferum
479 1925 640 1956 lustrat
685 1935 745 1955 or-

110 1973 201 2004 bem
226 1981 370 2012 neque
396 1981 415 2001 a
441 1969 542 2001 Sole
570 1971 745 2010 longius

111 2029 295 2059 unquam
323 2017 453 2047 unius
479 2017 746 2057 signiinter-

112 2065 231 2097 vallo
265 2063 475 2101 discedit,
512 2067 596 2093 tum
632 2067 746 2094 ante-

111 2116 285 2143 vertens
331 2114 414 2139 tum
455 2109 745 2149 subsequens.

109 2159 173 2189 Io.
201 2157 350 2196 Lydus
375 2154 430 2186 De
456 2165 580 2187 menss.
608 2165 640 2196 p.
667 2155 723 2187 21.

155 2206 269 2242 τρεῖς
295 2197 328 2232 δ’
354 2201 410 2232 ἔτι
444 2199 587 2242 φορὰς
623 2200 745 2242 λέγω·

112 2249 204 2290 μεν]
232 2248 352 2288 „Tres
377 2248 459 2279 illae
485 2247 624 2287 stellae,
658 2257 747 2288 quae

110 2305 187 2326 cum
231 2293 333 2333 Sole,
373 2293 492 2333 Luna,
536 2293 674 2325 Venere
713 2297 746 2324 et

110 2340 287 2372 Mercurio
301 2341 391 2370 inter
404 2345 570 2379 errantes,
588 2344 626 2370 ut
639 2340 744 2380 vulgo

111 2387 287 2425 dicuntur,
298 2391 532 2424 numerantur,
548 2386 745 2422 suntMars,

110 2433 245 2473 Iupiter
270 2437 304 2463 et
322 2430 512 2468 Saturnus3
538 2433 663 2472 quibus
683 2443 744 2473 op-

110 2479 255 2520 ponitur
298 2477 394 2509 orbis
438 2478 613 2509 stellarum
654 2480 746 2510 iner-

110 2526 263 2557 rantium
288 2523 482 2578 (fixarum),
508 2520 526 2554 ὁ
552 2521 680 2565 ὄγδοος
696 2535 743 2556 sc.

110 2568 215 2607 θεός,
252 2566 270 2600 ὁ
301 2567 372 2600 ἄνω
413 2567 561 2608 κόσμος,
596 2571 744 2602 extimus

113 2618 208 2649 orbis
242 2616 421 2653 eoelestis,
447 2616 519 2656 qui
546 2617 744 2657 reliquos

112 2673 257 2695 omnes
284 2662 621 2702 complectitur,
642 2673 744 2693 sum-

112 2719 201 2741 mus
226 2709 322 2750 ipse
358 2708 490 2745 Deus,
523 2718 671 2740 arcens
706 2714 746 2740 et

115 2755 349 2788 continens
376 2760 570 2793 ceteros,
593 2755 635 2786 in
663 2765 744 2796 quo

819 1282 918 1310 sunt
953 1278 1093 1309 infixi
1145 1279 1218 1310 illi
1257 1282 1326 1321 qui
1364 1282 1453 1312 vol-

819 1329 978 1355 vuntur
1024 1324 1252 1356 stellarum
1297 1336 1451 1358 cursus

818 1371 1104 1411 sempiterni,
1145 1375 1182 1401 ut
1215 1376 1268 1403 est
1299 1383 1354 1413 ap.
1394 1372 1450 1404 Ci-

818 1427 978 1448 ceronem
1008 1417 1044 1447 in
1078 1416 1450 1459 Somnio‘Scipionis.

818 1462 960 1503 Septem
986 1463 1218 1495 illae‘stellae
1250 1465 1292 1495 ab
1326 1475 1450 1497 occasu

817 1510 862 1541 ad
888 1515 1001 1540 ortum
1029 1507 1107 1549 (ἐπὶ
1133 1507 1247 1551 δεξιὰ)
1278 1511 1451 1549 feruntur,

817 1565 906 1596 quae
932 1555 1072 1596 quidem
1098 1560 1150 1586 est
1176 1554 1270 1596 φορὰ
1299 1561 1358 1599 της
1382 1558 1448 1588 θα

817 1601 917 1642 ιὲρου
943 1598 1094 1641 φύσεως,
1128 1609 1164 1632 ut
1189 1602 1321 1634 Plato
1349 1605 1450 1636 docet

816 1648 907 1679 Tim.
931 1658 964 1688 p
979 1647 1447 1682 36.C.0011.T1·m.L00r.

816 1705 847 1735 p.
872 1694 928 1727 96.
964 1693 1027 1731 Ι).;
1071 1695 1248 1726 contraria
1281 1705 1364 1727 vero
1398 1702 1450 1728 est

815 1741 993 1772 stellarum
1008 1740 1234 1771 inerrantium
1249 1744 1448 1780 conversim

816 1787 969 1827 „spatiis
996 1787 1087 1817 enim
1112 1786 1387 1820 immutabilibus
1404 1790 1446 1820 ab

814 1839 892 1865 ortu
912 1833 956 1864 ad
974 1838 1133 1863 occasum
1148 1840 1353 1875 commeant,
1372 1836 1447 1866 nul-

814 1879 884 1909 lum
921 1888 1043 1909 cursus
1084 1879 1137 1910 sui
1173 1881 1359 1920 vestigium
1394 1882 1445 1912 iu—

814 1924 1038 1962 flectentes,“
1070 1930 1108 1955 ut
1138 1926 1187 1955 ait
1218 1925 1354 1958 Cicer.
1391 1927 1445 1959 De

815 1970 858 2003 N.
886 1970 930 2000 D.
966 1970 1014 2001 11.
1046 1969 1099 2003 19.
1134 1980 1321 2012 earumque
1351 1972 1445 2014 φορὰ

815 2022 867 2047 est
899 2015 958 2056 τῆς
989 2012 1116 2046 mmm]
1148 2014 1304 2056 φύσεως,
1341 2030 1444 2060 quam

815 2066 920 2094 vocat
951 2061 1075 2093 Plato
1112 2061 1202 2093 Tim.
1234 2063 1257 2094 l.
1291 2075 1318 2095 c.
1352 2066 1445 2096 conf.

815 2108 1008 2139 Macrob.
1036 2108 1070 2138 in
1096 2106 1214 2140 Somn.
1240 2108 1395 2151 Scipion.
1414 2111 1443 2142 Ι.

815 2154 868 2188 18.
896 2153 993 2192 Quae
1018 2154 1157 2193 quidem
1184 2160 1320 2188 veteres
1339 2167 1444 2197 posu-

813 2202 884 2232 isse
917 2200 1099 2232 oculorum
1131 2211 1269 2233 sensum
1304 2208 1443 2236 secutos

814 2257 883 2300 per
901 2257 937 2278 se
961 2250 1067 2288 patet
1073 2247 1095 2263 “
1123 2247 1278 2281 Astius.

871 2289 953 2323 ἅιω
1005 2289 1167 2330 κόσμον
1214 2295 1441 2336 προςαγ]

815 2338 1067 2379 Stephanus
1102 2344 1181 2370 ante
1207 2337 1278 2371 ἅιω
1313 2338 1444 2379 κόσμον

814 2385 1011 2426 requirebat
1034 2381 1093 2414 τὸν
1117 2387 1314 2426 articulum,
1340 2397 1443 2428 quem

814 2431 856 2462 de
882 2432 1082 2461 coniectura
1106 2431 1253 2463 inseruit
1275 2435 1441 2473 Astius,

816 2477 996 2508 codicibus
1023 2476 1163 2517 quidem
1189 2482 1259 2510 n‘on
1277 2480 1442 2511 addicen-

814 2523 917 2555 tibus.
945 2522 1067 2563 Neque
1092 2532 1134 2554 eo
1161 2529 1255 2565 opus‘
1266 2526 1442 2558 videbitur

813 2569 898 2601 talia
928 2569 1211 2608 comparantibus
1242 2571 1349 2604 Plat.
1385 2573 1441 2604 De

811 2615 896 2656 Rep.
924 2614 1186 2655 V111.p.564
1215 2618 1257 2650 Α.
1283 2624 1332 2650 εις
1356 2616 1442 2660 ἄγαν

813 2659 1365 2701 δουλειαν.1ιεςὲ.1...698
1403 2664 1442 2696 C.

814 2705 952 2748 σφόδρα
979 2707 1096 2743 φιλίαι.
1123 2706 1192 2741 Sed
1211 2675 1249 2743 vp
1261 2711 1306 2743 ad
1330 2711 1441 2752 Legg

815 2755 842 2787 I.
868 2764 900 2795 p.
927 2751 1005 2787 639.
1035 2752 1074 2784 Β.
