1781 2971
256 149 337 191 DE
373 147 646 191 LEGIBUS
683 147 799 188 LIB.
836 145 917 188 Xl.
960 148 1004 187 P.
1039 147 1134 188 930.
1169 145 1231 188 St.
1338 146 1419 186 303

71 268 151 312 ἐὰν
185 270 229 311 δὲ
267 269 422 316 ἐνδεεῖς
457 270 615 308 τέκνων
640 258 732 314 ὦσι,
770 265 840 306 καὶ
881 266 1048 306 παίδων
1085 267 1223 305 ἕνεκα·
1256 265 1424 304 παίδων

73 340 117 379 δὲ
153 333 361 386 ἱκανότης
397 331 584 390 ἀκριβὴς
620 330 766 388 ἄρῥην
803 333 875 373 καὶ
911 329 1079 381 θήλεια
1119 334 1225 372 ’έστω
1255 331 1316 384 τῷ
1349 329 1423 371 νό·

72 420 152 479 Wf·
213 399 353 443 ἴΌταν
401 402 445 442 δὲ
490 398 767 454 ὁμολογῆται
810 401 891 452 μὲν
936 396 986 440 τὸ
1034 396 1271 452 γενόμενον
1315 396 1425 439 εἶναι

73 472 161 512 τῶν
201 471 476 521 ποιουμένων
513 470 706 518 ἕκαστον,
746 468 893 517 δέηται
939 466 983 506 δὲ
1021 466 1208 516 κρίσεως,
1247 467 1331 505 τίνι
1373 463 1422 505 τὸ

73 538 293 592 γεννηθὲν
320 537 512 577 ἕπεσθαι
537 532 689 588 χρεών,
727 532 861 582 δουλη
898 533 978 586 μὲν
1003 529 1082 572 ἐὰν
1107 533 1264 584 συμμιζ
1248 532 1291 590 ζη
1321 532 1422 573 δού-

73 607 133 658 λῳ
171 601 197 656 ἢ
242 603 462 657 θευθέρω
500 598 526 652 ἢ
564 598 874 654 ἀπελευθέρῳ,
919 597 1096 646 πάντως
1141 599 1222 638 τοῦ
1267 596 1423 639 ὅεστό-

73 687 151 714 του
189 674 294 712 ἔστω
322 670 399 720 τῆς
435 665 596 719 δούλης
633 666 681 709 τὸ
719 664 1002 720 γεννώμενον.
1040 662 1118 705 ἐὰν
1146 666 1189 705 δέ
1216 680 1278 713 τις
1309 668 1423 706 ἐλευ-

73 740 191 792 θέρει
231 735 375 787 δούλῳ
412 737 716 788 ‹rv2752vnraae‚
762 733 843 774 τοῦ
879 728 1096 773 δεσπότου
1132 734 1235 773 ἔστω
1273 730 1323 773 τὸ
1361 748 1424 784 21-

73 805 301 858 γνόμενοιν
329 802 408 842 τοῦ
444 799 629 843 δούλου·
664 797 744 841 ἐὰν
782 798 819 841 δ
863 797 905 849 ἐξ
941 795 1081 840 αὑτοῦ
1119 795 1278 849 δούλης
1315 795 1339 849 ἢ
1377 803 1422 840 ἐκ

75 870 237 914 δούλου
282 869 462 920 ἑαυτῆς,
498 870 568 910 καὶ
609 868 850 921 περιφανὲς
893 863 1018 908 τοῦτ
1064 882 1103 924 η,
1142 862 1191 906 τὸ
1228 867 1308 919 μὲν
1345 867 1423 916 τῆς

74 935 283 992 γυναικὸς
318 939 364 977 αἱ
401 943 601 988 γυναῖκες
636 938 694 982 εὶς
729 929 870 984 ἄλλην
911 931 1062 987 χώραν
1110 930 1423 986 ἐκπεμπόντων

74 1002 155 1049 σὺν
191 1005 251 1058 τῷ
279 1005 426 1057 πατρί,
462 1000 511 1044 τὸ
538 1003 582 1044 δὲ
615 1001 695 1044 τοῦ
730 997 897 1056 ἀνδρὸς
924 1002 965 1041 οἱ
1002 998 1310 1057 νομοφύλακες
1341 998 1422 1042 σὺν

74 1074 125 1133 τῇ
163 1068 423 1128 γεννησάσῃ.

175 1135 287 1197 Cap.
326 1133 411 1179 XI.
480 1138 654 1179 Γονέων
701 1136 745 1176 δὲ
791 1132 969 1187 ἀμελεῖν
1015 1128 1115 1174 οὔτε
1165 1130 1275 1182 θεὸς
1321 1131 1422 1176 οὔτε

73 1204 323 1261 ἄνθρωπος
359 1204 468 1246 νοῦν
505 1205 612 1258 ἔχων
650 1199 894 1256 ξύμβουλός
932 1216 1037 1242 ποτε
1075 1199 1231 1252 γένοιτ’
1273 1197 1421 1243 ἄνού-

76 1347 161 1377 maz.
208 1334 278 1365 Pro
311 1333 456 1365 ἕπεσθαι
482 1334 505 1365 f.
530 1344 558 1365 r.
586 1331 616 1364 δ.
647 1344 676 1366 o.
728 1332 887 1369 ἔσεσθαι,
926 1333 1019 1373 quod
1054 1330 1326 1372 superscriptum
1363 1329 1423 1360 ha-

78 1383 161 1413 bent
189 1378 227 1414 Ω.
254 1390 284 1411 a.
312 1390 340 1412 c.

167 1424 209 1457 τὸ
237 1421 498 1468 γιγνόμενοι
525 1435 601 1455 τοι
628 1422 815 1465 δοῦνλοῑ]
844 1425 906 1455 τοῦ
932 1420 1063 1454 δούλου
1090 1433 1157 1453 om.
1188 1424 1221 1451 Α.
1249 1425 1281 1451 et
1306 1430 1356 1461 pr.
1384 1418 1423 1451 Ω.

75 1484 111 1512 a;
148 1473 267 1504 Verba
303 1483 335 1502 αι
362 1475 521 1512 ῃῑιαῖκες
555 1471 681 1502 absunt
717 1472 758 1502 ab
799 1470 874 1502 Ald.
911 1470 1000 1503 Lov.
1027 1467 1226 1502 Bas.1.2.
1283 1465 1427 1498 Scilicet

533 1516 557 1528 »q

73 1522 187 1561 ignor.
217 1528 258 1550 ea
283 1519 386 1549 etiam
413 1518 499 1550 Van
528 1528 564 1550 με.

78 1629 385 1673 προεποιουμένων
409 1630 604 1670 requirunt,
623 1630 716 1672 quod

77 1683 186 1710 esset:
235 1677 323 1708 sibi
371 1677 614 1707 vindicare.
683 1680 715 1708 A

78 1724 204 1765 quibus
237 1722 635 1754 winckelmannus
667 1723 717 1753 ita

78 1770 250 1805 discessit,
264 1774 302 1799 ut
327 1764 545 1806 ὀπυιομὲπωι
558 1768 613 1800 xel
632 1765 716 1799 εἷπο-

79 1814 298 1854 ποιουμένων
323 1815 431 1846 malit.
467 1815 534 1845 l’ro
555 1811 591 1846 τὸ
618 1813 715 1856 γεπό-

78 1872 182 1901 μενον
211 1861 305 1902 quod
338 1862 444 1900 vulgo
478 1862 718 1892 circumfertur

80 1907 117 1939 τὸ
144 1904 374 1948 γεννώμενον,
400 1907 436 1937 id
463 1917 505 1937 ex
531 1908 630 1938 codd.
649 1917 718 1938 me-

78 1954 228 1985 lioribus
267 1957 402 1983 mutare
437 1962 507 1983 non
544 1953 720 1984 dubitavi-

79 2010 166 2033 mus.
195 2010 226 2030 v.
254 2004 372 2030 annot.
399 1998 444 2030 ad
469 1998 568 2031 Libr.
594 1999 719 2040 »11.p.

80 2045 157 2080 791.
187 2044 227 2076 C.

126 2112 200 2146 ἑὰν
243 2110 276 2144 δ
293 2112 370 2168 ’,ἐξ
393 2109 527 2144 αυτοῦ
565 2111 722 2155 δούλης

80 2161 139 2202 —]
176 2161 246 2192 Int.
284 2154 304 2199 ᾖ
337 2157 373 2190 τὸ
401 2157 627 2200 γεινώμετον.
677 2159 718 2190 In

78 2207 134 2238 his
161 2203 271 2238 αὑτοῦ
285 2210 318 2237 et
336 2205 460 2246 ἑαυτῆς
477 2206 518 2237 de
545 2206 717 2238 domino

80 2258 115 2284 et
140 2253 317 2284 domina
341 2253 594 2293 accipiendum,
616 2253 717 2283 sicuti

80 2298 162 2330 alibi
202 2294 310 2338 αὐτός
345 2298 387 2329 de
430 2299 603 2329 domino
650 2298 717 2329 fre-

81 2348 286 2386 quentatum
314 2343 355 2374 de
381 2354 449 2384 quo
468 2355 532 2376 usu
551 2345 720 2385 loquendi

80 2391 279 2421 monuimus
310 2390 354 2420 ad
376 2389 564 2431 Protagor.
588 2401 621 2431 p.
639 2389 717 2423 314.

80 2436 126 2467 D.
154 2441 187 2467 et
222 2435 330 2476 Gorg.
366 2446 400 2476 p.
426 2435 504 2470 511.
537 2436 583 2467 D.
632 2436 720 2468 Mox

83 2483 303 2523 συγγίγνηται
336 2482 378 2512 de
410 2481 540 2514 femina
570 2484 720 2523 dictum3

82 2539 115 2559 v.
144 2528 312 2559 Pollux.
341 2528 383 2558 V.
413 2527 471 2561 92.

154 2595 240 2637 Cap.
270 2596 334 2629 XI.
383 2597 424 2630 E.
474 2596 644 2628 Γονέων
681 2595 724 2626 δὲ

86 2638 259 2680 ἀμελεῖν
276 2642 336 2682 -]
363 2643 502 2674 Laudat
526 2644 640 2674 locum
665 2653 720 2673 us-

86 2697 153 2728 que
172 2688 218 2720 ad
236 2683 357 2728 ὀρθῶε
371 2685 455 2719 αὐτὸ
472 2689 549 2729 θερ.
568 2685 586 2719 ὁ
606 2699 721 2728 κεκτη-

87 2732 187 2772 μένος
205 2732 282 2766 Sto
294 2734 325 2765 b.
349 2735 515 2777 Florileg.
529 2734 720 2768 LXXVII.

811 1627 921 1662 455.
948 1639 991 1645 ····
1022 1628 1096 1659 v.01
1123 1625 1184 1659 ΙΙΙ
1215 1636 1248 1666 p.
1278 1625 1333 1659 97.
1369 1625 1424 1656 ed.

785 1674 898 1706 Gaisf.
930 1675 1029 1716 Lips.
1061 1674 1247 1713 Excerpsit
1276 1671 1426 1702 eundem

785 1732 824 1752 us
830 1732 895 1762 que
922 1722 966 1753 ad
984 1733 1016 1762 p.
1035 1720 1114 1754 932.
1136 1721 1178 1751 A.
1207 1723 1425 1758 excerptum-

785 1777 852 1809 que
877 1769 948 1798 suis
975 1767 1182 1809 quibusdam
1208 1765 1426 1796 additamen-

785 1815 830 1845 tis
857 1815 1044 1845 exornavit
1071 1814 1154 1844 etin
1172 1812 1339 1843 Doricam
1358 1811 1426 1840 lin-

786 1870 889 1899 guam
920 1860 1100 1891 transtulit
1135 1858 1321 1897 Pempelus
1356 1856 1426 1896 Py-

785 1906 977 1946 thagoreus
1004 1905 1158 1936 Thurius
1198 1903 1291 1944 apud
1327 1901 1427 1935 Stob.

787 1962 818 1992 p.
846 1951 924 1985 460.
951 1962 993 1981 z
1023 1951 1107 1992 Vol.‚
1123 1949 1194 1982 111.
1224 1960 1256 1989 p.
1275 1947 1352 1981 106.
1372 1948 1425 1978 ed.

789 1996 900 2028 Gaisf.
940 1997 1037 2038 Lips.
1076 1996 1184 2026 Cuius
1219 1996 1428 2034 interpreta-

789 2045 885 2075 tione
906 2043 1294 2074 W⁷inckelmannus
1320 2039 1428 2070 Prae-

789 2090 849 2120 fat.
877 2090 920 2121 ad
939 2089 1058 2120 Turio.
1086 2089 1167 2120 edit.
1194 2086 1345 2118 Phaedri
1366 2086 1428 2116 mi-

790 2145 910 2167 norem
936 2146 969 2176 p.
998 2135 1083 2168 XII.
1110 2145 1186 2175 sqq.
1222 2134 1272 2163 ita
1299 2132 1429 2163 abusus

791 2187 855 2221 est,
881 2187 919 2212 ut
944 2182 1017 2212 eius
1052 2191 1118 2221 ope
1147 2179 1280 2211 scilicet
1314 2179 1428 2209 locum

788 2228 947 2259 Platonis
972 2228 1075 2267 longe
1103 2226 1327 2257 sanissimum
1342 2224 1430 2254 mul-

787 2275 831 2305 tis
868 2274 903 2304 in
937 2274 1096 2314 partibus
1132 2278 1298 2312 tanquam
1340 2270 1431 2300 male

786 2321 978 2351 laceratum
1004 2318 1260 2350 sollicitaverit.
1293 2315 1432 2356 Quippe

787 2367 962 2407 persuasit
997 2366 1062 2396 sibi
1105 2365 1158 2394 vir
1193 2363 1431 2401 doctissimus,

788 2412 989 2452 Pempelum
1016 2411 1135 2442 codice
1148 2409 1308 2440 Platonis
1328 2418 1428 2438 usum

789 2469 864 2490 esse
890 2458 1021 2489 nostris
1045 2457 1143 2487 libris
1169 2455 1277 2486 multo
1293 2455 1428 2494 plenio-

790 2515 828 2536 re
860 2509 893 2535 et
931 2504 1142 2543 integriore,
1179 2501 1270 2532 unde
1294 2501 1427 2539 liceret,

791 2561 880 2591 quae
897 2550 1002 2580 hodie
1028 2548 1282 2588 desiderentur,
1305 2556 1428 2577 rursus

790 2597 951 2637 supplere
987 2599 1021 2625 et
1055 2594 1194 2625 Platoni
1232 2593 1428 2624 restituere.

789 2642 844 2673 De
869 2652 938 2683 qua
962 2650 998 2672 ne
1029 2641 1129 2672 nobis
1161 2640 1300 2680 quidem
1332 2638 1428 2669 vide-

788 2693 846 2720 tur
877 2688 988 2719 aliter.
1046 2686 1137 2718 Nam
1168 2685 1350 2726 Pempelus
1382 2685 1427 2715 si-

789 2734 860 2766 cuti
895 2732 1063 2764 nonnulla
1104 2736 1238 2764 tantum
1279 2740 1324 2771 ex
1361 2730 1428 2761 hoc

1465 257 1507 297 Ι)
