1781 2971
0 1258 2 1261 *
58 1246 228 1285 protenus
269 1241 482 1275 sciscitatur:

0 1322 1 1327 ,
57 1289 194 1321 animae
220 1286 470 1319 discernendae
492 1287 572 1327 sint,
597 1291 700 1328 atque

263 127 343 169 DE
380 126 654 170 LEGIBUS
690 126 805 168 1213.

158 249 257 290 ΚΛ.

157 314 256 355 ΑΘ.

841 125 897 167 Χ.
933 127 976 170 P.
1011 127 1104 169 896.
1140 129 1202 169 st.
1337 129 1409 166 175

331 246 526 301 Σφόδρα
565 244 722 299 ὀρθῶς
758 244 946 299 εἴρηκας.

332 311 446 355 Εἶεν.
493 308 590 365 ἄγει
632 313 712 366 μὲν
759 312 810 362 δὴ
864 310 984 367 ψυχὴ
1023 312 1171 352 πάντα
1213 308 1263 352 τὰ
1303 309 1406 352 κατ’

54 380 250 436 οὐρανὸν
297 381 369 421 καὶ
416 380 500 432 γῆν
543 381 616 420 καὶ
656 378 897 420 θάλατταν
936 385 1031 425 ταῖς
1068 375 1207 429 αὐτῆς
1245 376 1409 427 κινήσε-

54 508 222 551 losoplms
260 509 429 540 bonorum
463 513 498 540 et
531 509 699 540 malorum

55 560 170 588 ortum
213 558 372 596 repetere
415 564 480 586 non
517 553 697 585 dubitavit.

59 603 178 643 ltaque
206 599 269 632 lioc
291 609 430 641 quoque
457 601 533 631 loco
560 602 701 632 omnino

56 647 230 689 duplicem
257 648 391 678 animae
426 647 491 677 vim
519 651 623 687 atque
649 646 699 676 in-

57 693 172 726 dolem
203 692 336 723 statuit.
388 691 499 725 Quam
516 691 608 732 quod
636 690 700 722 cti-

56 751 109 772 am
137 747 282 771 numero
313 735 447 768 videtur
479 737 700 774 discrevisse,

57 786 111 824 id,
144 785 172 816 si
204 782 283 824 quid
321 781 473 814 iudicare
500 791 700 823 possumus,

56 840 121 862 non
157 829 260 863 aliam
295 828 339 859 ob
374 838 533 859 caussam
571 828 699 859 factum

56 881 128 915 est,
178 884 278 916 quain
327 874 403 914 quia
454 873 698 905 Atheniensem

57 931 134 953 cum
168 919 361 953 hominibus
396 918 439 951 ad
479 919 698 952 dialecticam

56 967 282 1000 subtilitatem
335 975 452 1006 parum
499 966 700 997 exercitatis

31 1013 286 1046 *disserentem
312 1020 414 1052 quam
448 1012 596 1043 maxima
629 1011 699 1042 ius—

57 1059 101 1091 sit
125 1060 174 1090 uti
203 1057 466 1099 perspicuitate.
496 1057 620 1099 Itaque
635 1056 700 1097 hic,

57 1111 94 1137 ut
123 1114 165 1137 ne
199 1104 262 1135 sibi
294 1102 337 1134 ad
370 1103 601 1145 copiosiorem
628 1104 699 1135 ani-

56 1160 134 1184 mae
172 1149 368 1190 mentisque
406 1149 526 1181 virium
568 1149 723 1188 descri-¹

56 1197 210 1240 ptionem
260 1198 355 1227 esset
403 1194 698 1234 descendendum,

533 1246 699 1282 quotnam

56 1333 173 1376 captui
200 1333 472 1374 colloquentium
490 1334 699 1365 convenien-

57 1385 111 1413 ter
136 1379 223 1411 duns
250 1378 430 1418 discernit,
467 1379 581 1421 prouti
608 1379 700 1410 scili·

0 1421 2 1462 [
57 1429 113 1459 cet
138 1424 248 1458 omnis
272 1426 405 1464 anima,
434 1425 585 1466 loquitur
611 1425 698 1456 enim

57 1472 110 1504 hic
141 1470 290 1503 nondum
318 1470 361 1503 de
378 1472 489 1503 anima
516 1470 701 1509 mundana,

57 1522 118 1550 aut
142 1518 232 1550 bona
258 1520 317 1548 aut
346 1518 434 1550 mala
470 1517 583 1559 possit
609 1527 699 1549 esse.

0 1558 1 1571 ¹
59 1566 108 1596 Ac
148 1563 308 1595 similiter
347 1563 451 1595 etiam
490 1562 580 1604 apud
623 1564 698 1594 Xe-

58 1608 180 1650 nopb.
227 1607 356 1650 Cyrop.
397 1608 463 1640 VI.
500 1608 536 1648 1,
568 1608 626 1642 41.
668 1607 699 1639 in

58 1654 213 1697 populari
247 1664 410 1686 sermone
436 1653 564 1695 duplex
589 1652 701 1687 anima

58 1700 278 1739 discernitur,
303 1700 459 1732 nimirum
492 1700 604 1742 prouti
635 1709 700 1732 una

58 1746 249 1787 eademque
283 1747 397 1778 anima
438 1747 489 1778 vel
526 1746 614 1778 bona
647 1747 699 1778 vel

58 1793 145 1825 mala
195 1795 259 1824 est.
307 1791 398 1824 conf.
438 1793 541 1824 etiam
586 1792 698 1833 ipsum

57 1838 147 1870 Plat.
183 1837 233 1870 De
263 1837 354 1879 Rep.
391 1837 446 1869 lV.
481 1849 513 1880 p.
542 1837 621 1872 436.
658 1838 698 1869 Β.

58 1888 93 1917 et
122 1883 202 1918 439.
236 1883 263 1915 D
296 1894 370 1925 sqq.
426 1884 548 1925 Itaque
581 1884 614 1915 in
648 1883 698 1915 his

57 1929 197 1971 quidem
238 1928 320 1961 nihil
361 1939 438 1961 esse
478 1929 699 1967 arbitramur,

41 1975 150 2017 ·qnod
178 1984 280 2007 verae
304 1984 561 2017 germanaeque
576 1975 697 2007 Plato-

58 2022 108 2054 nis
133 2020 312 2053 doctrinae
343 2021 414 2052 ullo
441 2021 546 2053 modo
572 2021 696 2054 adver-

58 2071 171 2106 setur,
203 2066 306 2099 modo
341 2076 382 2098 ne
414 2066 506 2099 istud
544 2068 651 2109 μίαν
676 2066 697 2108 ἢ

56 2114 230 2148 πλείους
254 2111 372 2144 δυοῖν
405 2115 467 2153 μέν
490 2124 527 2155 γε
553 2125 581 2144 κ.
608 2126 638 2145 τ.
667 2113 697 2145 λ.

58 2159 198 2192 nimium
231 2161 428 2201 prematur,
462 2163 498 2190 et
529 2169 571 2191 ex
608 2160 696 2191 alio·

57 2214 132 2238 rum
164 2206 316 2236 locorum
350 2205 544 2245 sententia,
584 2205 698 2246 prouti

56 2250 125 2284 fert
151 2249 248 2282 liuius
274 2250 523 2291 disputationis
549 2252 638 2283 ratio
664 2256 700 2283 et

10 2335 11 2340 ¹
57 2295 261 2336 consilium,
298 2296 493 2338 explicetur
522 2300 627 2338 atque
660 2297 699 2328 il-

57 2343 235 2374 lustretur.
267 2341 338 2373 Sed
365 2346 402 2373 nt
430 2352 597 2383 ponamus
623 2341 697 2385 plii·

58 2386 241 2429 losophum
273 2387 328 2420 hic
359 2387 468 2420 minus
507 2393 610 2422 caute
646 2389 696 2420 lo-

58 2437 205 2475 quntum
232 2443 322 2472 esse,
349 2437 463 2466 tamen
480 2443 521 2466 ne
547 2435 598 2466 sic
622 2434 696 2475 qui-

58 2478 136 2512 dem
162 2479 329 2520 consequi
354 2479 580 2519 arbitramur,
605 2480 698 2521 quod

59 2525 194 2567 plurimi
218 2524 297 2557 inde
321 2526 488 2565 consequi
504 2526 697 2566 voluerunt,

59 2574 97 2602 ut
121 2580 198 2603 eum
225 2570 310 2602 duas
343 2570 476 2603 animas
507 2550 698 2604 mundanas³

59 2616 227 2656 statuisse
252 2621 375 2659 putare
401 2615 602 2651 debeamus
636 2621 696 2650 At-

57 2671 123 2702 que
157 2653 221 2695 hoc
251 2663 398 2695 alterum
436 2666 488 2694 est
523 2663 566 2694 ad
605 2663 696 2704 quod

58 2707 236 2749 diligenter
261 2707 505 2742 attendendum
539 2712 611 2748 est,
648 2711 695 2743 si-

770 507 905 549 quidem
941 512 1052 538 totum
1088 507 1203 537 locum
1241 510 1334 537 recte
1361 505 1410 535 in-

770 554 928 594 telligere
954 556 988 583 et
1016 551 1235 591 interpretari
1264 551 1410 583 volueri-

771 609 858 631 mus.
909 597 1043 628 Etenim
1072 596 1174 628 Plato
1206 598 1270 628 etsi
1307 596 1411 628 animi

770 645 930 676 virtutem
973 642 1112 674 omnino
1157 651 1223 673 non
1274 652 1413 684 semper

769 689 915 722 eandem
955 698 1033 720 esse
1077 687 1259 727 iudicavit,
1298 692 1411 720 tamen

768 736 916 767 animam
936 744 1049 766 rerum
1072 734 1329 765 universitatem
1358 733 1411 766 rel

770 785 907 821 gentem
949 785 1054 821 atque
1086 780 1309 821 gubernatem
1344 780 1412 811 nti-

768 837 836 868 que
860 825 1016 858 ostendit
1043 836 1117 857 eam
1154 835 1249 864 esse,
1280 825 1335 857 cui
1370 826 1412 858 ad

770 882 927 904 summae
955 870 1335 912 perfectionislaudem
1363 872 1413 903 ni-

771 917 814 950 hil
832 919 931 960 plane
947 918 1048 949 desit.
1081 918 1194 950 Docet
1209 917 1295 950 enim
1314 917 1411 950 dein-

768 975 862 1006 ceps,
889 974 930 996 ex
956 963 1164 1005 pulcerrimo
1186 967 1328 996 naturae
1355 974 1413 996 or-

768 1010 846 1043 dine
873 1013 904 1042 et
931 1010 1232 1051 praestantissimo
1266 1010 1354 1042 coeli
1380 1014 1414 1043 et

769 1056 917 1088 universi
946 1056 1061 1088 mundi
1095 1060 1191 1088 motu
1219 1056 1414 1088 clarissime

768 1101 910 1143 intelligi
946 1106 981 1134 et
1013 1102 1176 1143 cognosci
1205 1101 1310 1134 licere
1335 1100 1411 1143 ἅρί-

770 1159 852 1188 στην
886 1148 1132 1190 ἐπιμελεῖσθαι
1169 1159 1232 1178 του
1277 1145 1414 1189 κόσμου

768 1205 1018 1230 navTOG,n!1b
1064 1205 1160 1235 αγέιν
1200 1205 1311 1223 αυῒθν
1349 1191 1414 1233 ’τὴν

769 1237 940 1280 τοιαύτην
980 1237 1066 1270 ὁδόν
1103 1238 1241 1279 ἐκείιην.
1304 1238 1408 1272 Quod

769 1285 908 1327 egregie
956 1285 1116 1317 convenit
1153 1294 1230 1317 cum
1276 1284 1409 1317 Timaei

768 1333 847 1364 loco
880 1342 913 1372 p.
944 1331 1001 1365 34.
1039 1331 1065 1362 B
1098 1341 1172 1373 sqq.
1205 1330 1262 1362 ubi
1297 1332 1410 1362 anima

768 1376 887 1409 mundi
923 1378 1024 1419 longe
1063 1377 1316 1418 perfectissima
1358 1376 1409 1408 in-

769 1423 950 1455 formatur.
1025 1423 1143 1464 ltaque
1194 1422 1411 1455 Atheniensis

769 1474 868 1501 antea
908 1469 1046 1509 quaerit
1087 1468 1246 1509 quidem,
1293 1473 1408 1500 utrum

769 1515 859 1547 duae
877 1515 1011 1547 animae
1031 1514 1210 1556 ponendae
1237 1514 1305 1546 sint
1331 1524 1410 1547 nec-

762 1571 830 1600 pe,
876 1559 936 1592 sed
974 1560 1064 1593 idem
1110 1561 1272 1592 continuo
1314 1561 1410 1592 lucu-

768 1607 958 1639 lentissime
972 1606 1077 1638 docet
1094 1617 1134 1638 ac
1149 1606 1312 1643 declarat,
1338 1607 1409 1648 pla-

769 1663 811 1685 ne
860 1652 926 1685 sibi
970 1662 1174 1694 persuasum
1217 1663 1294 1685 esse
1333 1652 1410 1691 hoc,

769 1708 848 1731 esse
873 1699 1018 1730 animam
1052 1702 1272 1740 mentemque
1305 1698 1411 1737 illam,

767 1755 855 1786 quae
905 1743 969 1776 hoc
1017 1745 1213 1777 universum
1255 1749 1410 1782 moveat,

768 1794 869 1832 regat
918 1794 952 1822 et
1000 1791 1190 1831 gubernet,
1242 1791 1410 1832 optimam

767 1841 869 1878 atque
885 1837 1233 1878 praestantissimam,
1258 1836 1411 1877 ideoque

767 1893 880 1915 unam.
930 1883 1054 1923 Itaque
1090 1883 1153 1915 hac
1186 1883 1261 1914 luce
1287 1883 1410 1914 clarius

767 1939 846 1961 esse
873 1938 1076 1967 censemus,
1106 1929 1216 1961 falsos
1243 1938 1321 1960 esse
1348 1939 1410 1960 eos

767 1984 908 2013 omnes,
940 1974 996 2015 qui
1030 1974 1214 2006 Platonem
1248 1978 1411 2016 putarunt

767 2020 829 2052 hoc
857 2022 934 2051 loco
961 2020 1046 2051 duas
1071 2021 1201 2052 animas
1217 2019 1410 2052 mundanas

766 2070 943 2106 statuere3
988 2066 1096 2098 multo
1143 2068 1253 2099 minus
1293 2070 1407 2098 antem

767 2123 828 2145 eos
860 2111 1054 2143 audiendos
1086 2122 1164 2144 esse
1190 2112 1408 2151 arbitramur,

765 2159 822 2200 qui
850 2158 925 2190 hinc
941 2168 1081 2189 caussas
1109 2163 1144 2190 et
1169 2158 1323 2190 rationes
1351 2169 1408 2190 re„-

767 2204 952 2247 pesserunt,
977 2204 1103 2246 quibus
1129 2205 1325 2236 universum
1342 2204 1409 2236 Le·

767 2261 846 2292 gum
881 2260 970 2291 opus
1003 2260 1070 2281 non
1104 2260 1183 2282 esse
1215 2261 1233 2281 a
1264 2250 1410 2282 Platone

767 2297 936 2338 scriptum
954 2296 1162 2327 efficeretur.
1190 2295 1407 2336 Quamquam

768 2347 821 2376 est
847 2353 930 2373 sane
956 2341 1103 2383 aliquid,
1138 2342 1171 2373 in
1204 2351 1272 2382 quo
1298 2341 1408 2383 philo-

767 2388 898 2430 sophus
928 2397 1015 2420 nunc
1040 2387 1083 2420 ab
1110 2398 1150 2419 ea
1184 2386 1228 2419 de
1254 2386 1320 2420 deo
1346 2386 1408 2418 do-

767 2435 878 2466 ctrina
909 2433 1089 2472 discessit,
1125 2442 1225 2474 quam
1258 2433 1301 2465 ab
1333 2433 1408 2475 ipso

768 2482 801 2513 in
835 2481 982 2512 Timaeo
1016 2480 1144 2520 exponi
1176 2479 1406 2512 meminimus.

767 2526 868 2563 Quod
902 2526 1002 2566 quale
1029 2527 1093 2565 sit,
1127 2524 1316 2568 postmodo
1344 2535 1408 2557 suo

766 2573 844 2605 loco
873 2571 1079 2604 videbimus.

811 2617 907 2660 ἄγει
939 2617 1012 2658 μὲν
1046 2615 1094 2658 δι)
1130 2614 1241 2658 ψυχὴ
1271 2614 1409 2648 πάντα

766 2664 821 2706 —]
851 2664 1040 2705 Diligenter
1067 2662 1408 2697 animadvertendum

766 2716 831 2750 est,
860 2709 910 2742 hie
935 2708 1073 2751 quidem
1100 2709 1153 2752 agi
1170 2707 1283 2743 adhue
1296 2710 1409 2741 omni-
