1781 2971
238 137 324 180 DE
358 134 637 179 LEGIBUS
671 133 788 176 LIB.
822 132 932 175 XII.
965 133 1012 174 P.
1047 134 1140 174 945.
1174 132 1236 176 St.
1361 135 1441 175 355

90 254 316 309 δυνάμεως
353 257 496 309 ἐνδείᾳ
532 250 646 310 πρὸς
683 249 767 304 τὴν
805 251 883 302 τῆς
916 248 1054 305 ἀρχῆς
1087 250 1240 302 ἀξίανς
1281 248 1442 308 ῥᾴδιον

86 325 167 377 μὲν
202 321 408 376 οὐδαμῶς
444 319 586 376 εὑρεῖν
624 319 713 362 τῶν
748 315 979 374 ἀρχόντων
998 314 1198 373 ἄρχοντα
1224 314 1443 371 ὑπερβάλ-

88 392 226 431 λοντα
271 387 383 443 πρὸς
430 386 623 443 ἀρετήν,
681 384 799 439 ὅμως
844 387 887 426 δὲ
935 390 1169 439 πειρατέον
1216 383 1444 433 εὐθυντάς

89 472 214 505 τινας
247 455 516 511 ἀνευρίσκειν
552 456 722 502 θείους.
756 456 837 507 ἔχει
875 451 961 507 γάρ
1000 445 1080 494 οὖν
1119 449 1248 493 οὕτω.
1287 453 1440 493 πολλοὶ

89 524 234 579 καιροὶ
270 524 491 571 πολιτείας
528 518 690 569 λύσεώς
725 523 823 569 εἰσι,
868 516 1081 574 καθάπερ
1128 515 1234 567 νειὸς
1271 514 1295 569 ἢ
1332 517 1443 570 ζιόου

90 679 204 709 ritate.
256 676 341 708 Dein
371 678 415 708 Α
443 676 490 707 Ω.
519 674 555 710 Ξ
583 686 612 707 v.
641 675 664 710 f
689 684 716 706 r.
745 684 777 706 Χ.
805 684 834 705 a.
860 683 888 704 c.
908 685 937 708 o
952 674 982 705 ὃ.
1009 671 1150 704 σκολιὸν
1174 672 1341 704 αὖτιῦνκ.
1371 670 1438 704 ύπὸ

91 726 124 765 β.
151 725 210 761 μὲν
235 721 298 761 τὴν
323 720 434 764 αρχὴν
461 720 592 764 πράξῃ,
618 723 675 760 εἷς
701 719 733 751 δ’
762 717 878 751 αὖτοῦ
904 716 1078 758 δυνάμεως
1103 731 1131 749 κ.
1161 731 1192 750 τ.
1220 718 1250 749 λ.
1277 717 1368 759 quod
1396 718 1443 750 ita

91 769 350 806 1ε1υοῃνί111113,
393 772 429 798 ut
465 777 526 808 pro
559 766 622 806 τὴι
653 764 762 808 αρχῆν
795 765 1056 804 reposuerimns
1097 766 1158 803 τῆς
1190 762 1312 806 ἅρχῖς.
1368 763 1444 796 Nisi

90 815 180 846 forte
207 823 283 845 cum
311 823 361 854 pr.
390 813 434 844 A.
465 816 498 843 et
533 809 570 843 Ω.
605 812 696 843 istud
727 809 789 851 τὴι
814 807 925 851 ἄρχῆν
951 810 1091 842 omnino
1119 809 1348 842 omittendum
1377 814 1444 842 est.

182 858 221 891 C.
269 861 350 890 τῶν
374 856 597 900 ἀρχόντων
632 855 848 899 ἄρχοντα]
885 855 922 887 V.
950 855 1012 896 ἅρζ
1001 854 1144 895 α’ντων,
1172 855 1263 896 quod
1291 866 1333 889 ex
1360 866 1390 887 v
1416 865 1442 887 r.

90 915 120 938 n.
149 906 178 938 δ.
204 915 235 937 Χ.
264 908 299 937 et
326 914 378 946 pr.

91 1024 148 1064 ξῃ,
186 1027 248 1064 τῆς
273 1023 307 1056 δ’
341 1023 454 1057 αὐτοῦ
479 1023 653 1065 δυνάμεως
679 1024 730 1055 ἔν-

90 1069 164 1110 δείᾳ
188 1068 274 1112 πρὸς
299 1069 363 1110 τὴν
388 1073 450 1112 τῆς
475 1069 585 1113 ἀρχῆς
610 1069 730 1110 ἀξίους

90 1114 211 1159 ῥᾴδιον
256 1118 314 1156 μὲν
359 1115 521 1157 οὐδαμῶς
559 1129 587 1148 κ.
628 1129 658 1147 τ.
701 1116 730 1148 λ.

91 1161 190 1194 Quae
219 1161 357 1202 quidem
390 1162 494 1195 verba
521 1162 638 1203 negari
663 1170 731 1193 non

92 1211 209 1248 potest
252 1207 376 1240 misere
417 1208 602 1249 depravata
641 1218 730 1239 esse.

91 1252 165 1284 Nec
200 1257 312 1284 tamen
348 1255 470 1286 audaci
510 1254 564 1285 iila
606 1254 731 1285 verbo-

91 1308 166 1330 rum
191 1300 395 1331 traiectione
421 1311 509 1340 opus
529 1310 607 1330 esse
633 1304 731 1340 puta-

91 1355 187 1383 mus,
219 1355 317 1386 quam
346 1346 453 1376 suasit
479 1345 729 1378 cornarius.

91 1391 168 1422 Imo
183 1392 357 1431 aliquanto
381 1392 494 1423 lenius
513 1392 626 1422 losum
645 1389 731 1422 hunc

91 1438 124 1468 in
158 1436 298 1468 modum
333 1437 543 1469 correxeris:
577 1436 627 1472 τίς
658 1437 730 1467 ἱκα-

90 1480 167 1522 νός,
199 1482 241 1513 ἄν
276 1483 326 1518 τίς
358 1483 394 1513 τί
425 1495 471 1522 πῃ
505 1479 640 1513 σκολιὸν
667 1480 729 1512 (1⁸³¹-

90 1530 157 1559 τῶν
186 1527 364 1570 καμφθεὶς
400 1527 466 1559 ὑπὸ
507 1526 641 1567 βάρους
671 1528 731 1567 μὲν

91 1576 153 1614 τῆς
177 1572 285 1614 ἆρχῆς
310 1571 443 1616 πράξῃ,
472 1575 532 1612 τῆς
556 1571 588 1604 δ’
616 1570 730 1604 αὑτοῦ

93 1617 269 1661 δυνάμεως
305 1619 416 1659 ἐνδείᾳ
451 1616 538 1660 πρὸς
573 1616 636 1657 τὴν
668 1620 730 1657 τῆς

90 1663 200 1706 ἆρχῆς
216 1664 331 1703 ἀξίανς
356 1664 478 1709 ῥᾴδιον
497 1665 555 1704 μὲν
570 1661 731 1704 οὐδαμῶς

90 1724 118 1742 κ.
145 1723 174 1743 τ.
201 1711 229 1742 λ.
257 1710 348 1751 quod
380 1721 420 1742 ex
448 1714 544 1752 parte
571 1710 730 1750 reposui-

92 1766 179 1788 mus,
229 1756 408 1788 Sententia
441 1756 525 1788 haec
557 1760 627 1788 est:
655 1754 731 1786 Ta-

92 1803 192 1834 lium
219 1802 359 1843 igitur
392 1803 728 1843 magistratuum

93 1849 288 1888 quisnam
317 1849 399 1880 erit
429 1857 589 1879 censor
615 1857 643 1878 3.
667 1856 728 1878 ra-

93 1894 256 1925 tionum
296 1898 482 1925 exactor
521 1893 728 1931 idoneus,

94 1938 247 1979 siquis
280 1948 425 1971 eorum
458 1937 628 1978 aliquid
661 1946 729 1968 us·-

93 1994 214 2024 quam
250 1984 452 2024 perversi
490 1981 729 2015 admiserit

94 2031 161 2062 vel
187 2039 320 2061 onere
353 2030 640 2071 magistratus
668 2027 728 2059 in-

92 2076 238 2108 flexus
269 2076 337 2107 vei
368 2076 521 2107 virium
555 2082 726 2106 suarum

94 2122 275 2163 penuria
311 2120 570 2162 depressus,
607 2124 727 2160 utpo-

93 2171 135 2199 te
167 2166 218 2198 ad
251 2168 550 2208 magistratus
589 2165 728 2205 digni-

93 2213 226 2244 tatem
260 2222 338 2243 non
375 2211 727 2244 sufficientium?

94 2258 214 2298 ltaque
239 2260 385 2298 primum
412 2258 547 2299 quidem
574 2261 730 2298 apparet,

93 2304 162 2335 isto
198 2301 265 2344 γάρ
297 2303 391 2343 quod
416 2304 531 2336 invitis
557 2304 652 2335 libris
678 2303 728 2333 iu·

93 2350 264 2381 cuicatnm
300 2352 373 2388 est,
413 2350 607 2390 neutiquam
641 2357 730 2389 opus

94 2405 184 2428 esse.
238 2393 373 2426 Deinde
410 2395 541 2428 verbis=
580 2407 614 2426 τι
648 2396 730 2437 εἴπῃ

95 2437 247 2479 σκολιόν,
276 2440 390 2472 eiecto
406 2439 447 2480 εἰ,
473 2440 596 2472 leniter
613 2449 728 2471 emen-

95 2486 185 2518 datis
211 2495 274 2516 nec
298 2483 408 2528 πράξῃ
439 2484 732 2526 transponendum

95 2541 159 2563 nec
185 2530 204 2570 ἧ
231 2529 476 2562 inferciendum
511 2541 589 2563 esse
614 2531 732 2571 liquet.

94 2577 184 2609 Illud
226 2586 329 2608 unum
373 2577 447 2608 fere
481 2575 533 2608 hic
565 2577 734 2617 ambigas,

95 2632 136 2654 an
164 2623 272 2654 ienius
300 2623 402 2654 etiam
432 2622 480 2653 sic
501 2622 623 2663 corrigi
649 2630 733 2662 que-

96 2672 150 2699 at:
176 2666 218 2698 ἄν
241 2667 292 2702 τίς
317 2680 363 2705 τι,
387 2668 418 2699 εἴ
439 2679 484 2710 πῃ
509 2664 646 2699 σκολιὸν
669 2665 735 2698 αὗ-

97 2711 183 2752 τῶν,
212 2711 393 2755 καμφθεὶς
416 2725 445 2744 κ.
470 2725 500 2744 τ.
530 2713 558 2744 λ.
607 2711 734 2750 Quam-

439 901 517 934 .Ω.
544 908 712 936 mutatum
742 902 847 934 habes

909 902 993 934 Dein
1026 901 1126 933 v.0³s
1155 911 1188 933 Χ.
1215 899 1388 938 εὕθυῑοῖς

800 1034 900 1065 quam
928 1034 967 1056 ea
995 1023 1130 1055 ratione
1157 1020 1270 1053 oratio
1287 1019 1324 1051 fit
1342 1028 1443 1059 aspe-

800 1071 870 1102 rior
897 1074 931 1102 et
958 1069 1163 1102 intricatior
1196 1064 1368 1100 Quocirca
1397 1066 1445 1096 iu-

800 1117 923 1148 benter
972 1115 1185 1148 assentimur
1237 1111 1443 1148 Baitero

799 1161 841 1193 ἅν
873 1161 924 1199 τίς
957 1161 993 1191 τί
1023 1172 1074 1204 πῃ
1109 1155 1247 1191 σκολιὸν
1289 1156 1443 1188 scriben-

801 1207 879 1240 dum
915 1207 1068 1248 putanti,
1108 1214 1209 1246 quam
1248 1203 1442 1236 correctio-

800 1263 874 1285 nem
890 1263 999 1293 nuper
1014 1251 1227 1283 Turicenses
1245 1259 1287 1281 ac
1301 1246 1444 1280 Schnei-

801 1299 904 1330 derus
930 1301 1150 1339 receperunt.
1203 1295 1358 1335 Denique
1383 1292 1446 1332 τὴν

800 1343 911 1386 αρχὴν
947 1345 990 1376 de
1026 1341 1235 1374 Cornarii
1274 1339 1445 1372 sententia

799 1400 831 1422 ln
859 1394 920 1430 τῆς
943 1388 1055 1429 αρχῆς
1089 1386 1289 1421 mutandum
1322 1394 1444 1417 cense—

801 1445 888 1468 mus
938 1435 1025 1468 Nam
1052 1433 1115 1474 τὴν
1140 1430 1253 1475 α’ρχὴν
1278 1429 1444 1473 πράττειν

800 1491 903 1513 nemo
928 1481 1111 1521 quisquam
1138 1480 1276 1510 Graece
1302 1478 1445 1516 loquen-

800 1529 886 1559 tium
916 1526 1056 1562 dixerit,
1087 1530 1121 1557 et
1150 1523 1201 1556 hic
1220 1524 1314 1555 nullo
1340 1526 1444 1562 pacto

798 1574 912 1615 potuit
928 1572 992 1603 dici
1014 1576 1215 1612 propterea,
1232 1567 1323 1609 quod
1335 1566 1444 1611 πράξῃ

799 1619 864 1649 iam
885 1617 1124 1649 accusativum
1145 1629 1180 1646 -ιι
1206 1615 1358 1646 additum
1380 1612 1441 1644 ha-

798 1665 868 1696 bet.
882 1663 1056 1697 Quocirca
1072 1672 1202 1703 nuperi.
1211 1660 1366 1691 editores
1383 1656 1444 1697 τὴν

798 1706 907 1752 α’ρχὴν
940 1712 1178 1747 extruserunt,
1213 1705 1306 1747 quod
1339 1705 1443 1736 Bek-

800 1756 929 1787 kerns
969 1755 1074 1786 etiam
1116 1754 1148 1784 in
1187 1751 1367 1783 codicibus
1402 1752 1441 1781 Α.

800 1805 835 1833 et
880 1798 918 1832 Ω.
958 1800 1120 1842 primitus
1158 1799 1323 1829 omissum
1363 1805 1443 1828 esse

798 1851 936 1885 narrat,
962 1850 1101 1878 tacente
1127 1848 1245 1876 tamen
1272 1853 1311 1875 ea
1338 1842 1381 1873 de
1406 1851 1443 1873 re

799 1892 967 1923 Bastio.
1017 1890 1087 1922 Sed
1108 1898 1271 1921 veremur
1297 1897 1441 1928 magno-

798 1947 902 1979 pere,
938 1940 976 1968 ut
1010 1934 1076 1967 &aa
1107 1933 1240 1976 βιίροις
1272 1935 1331 1975 μὲν
1356 1934 1441 1964 sim-

798 1982 936 2024 pliciter
968 1981 1036 2013 dici
1070 1980 1240 2022 potuerit,
1277 1988 1344 2010 non
1381 1977 1441 2009 ad-

799 2028 871 2060 dito
912 2027 1065 2070 genitivo
1108 2026 1184 2057 eius
1226 2024 1295 2062 rei,
1344 2023 1442 2054 cuius

799 2083 887 2106 onus
949 2078 1052 2114 atque
1104 2070 1240 2112 pondus
1299 2069 1442 2110 inteiligi

799 2123 974 2172 oporteat.
1030 2118 1084 2149 Ex
1123 2127 1191 2157 quo
1225 2125 1443 2156 consequens

799 2169 874 2203 est,
898 2169 937 2197 ut
961 2165 994 2196 in
1022 2162 1085 2203 τὴν
1107 2161 1218 2203 ἀρχὴν
1247 2163 1355 2194 lateat
1382 2163 1443 2200 τῆς

795 2209 918 2253 ἀρχῆς,
945 2208 1038 2251 quod
1064 2210 1182 2240 statim
1205 2211 1284 2248 post
1307 2208 1337 2238 in
1366 2215 1440 2237 ier-

798 2257 851 2288 bis
881 2253 968 2298 πρὸς
999 2258 1061 2295 τῆς
1092 2252 1198 2293 ἀρχης
1236 2252 1333 2286 αξίαι
1376 2261 1441 2284 non

797 2300 1020 2334 incommode
1045 2300 1203 2332 iteratur.

845 2347 885 2379 C.
941 2344 1099 2378 πολλοὶ
1140 2342 1293 2384 καιροὶ
1325 2342 1441 2372 πολι-

800 2393 918 2428 τείας
951 2388 1112 2427 λύσεώς
1146 2389 1230 2420 εἰσι
1241 2388 1269 2430 ,]
1298 2386 1341 2419 Οἱ
1366 2399 1439 2418 και-

800 2437 857 2480 ροὶ
871 2441 949 2469 sunt
963 2436 1147 2468 discrimen
1163 2434 1344 2475 temporis,
1371 2443 1439 2474 quo

801 2493 933 2516 summa
959 2492 1015 2514 res
1040 2481 1163 2522 agitur,
1190 2480 1237 2511 ita
1264 2484 1300 2511 ut
1327 2479 1440 2511 omnia

802 2533 861 2561 aut
886 2538 962 2560 seri
967 2530 1067 2559 entur
1092 2530 1152 2557 aut
1178 2525 1383 2567 perdantur3
1409 2535 1439 2555 v.

801 2574 946 2606 Bremi
979 2572 1020 2604 ad
1049 2571 1323 2606 AescffimVoi.
1350 2571 1379 2601 Ι.
1408 2581 1440 2610 p.

803 2620 882 2654 132.
932 2619 985 2650 Ita
1011 2621 1107 2649 certe
1123 2627 1221 2649 mox:
1247 2611 1295 2653 εἷς
1319 2615 1354 2647 δὲ
1378 2627 1440 2648 ου-

803 2677 863 2701 τος
895 2663 935 2695 οὗ
974 2661 1206 2706 σμικρότατος
1232 2659 1353 2704 καιρὸς
1377 2663 1442 2691 τοῦ

803 2709 977 2752 σώζεσθαί
998 2720 1035 2740 τε
1060 2707 1117 2739 καὶ
1136 2707 1365 2739 διαλυθεῖσαν
1391 2707 1441 2736 οἵ-

1069 2763 1121 2802 23
1156 2763 1178 2785 *
