1781 2971
309 156 390 197 384
808 156 1185 201 PLATONIS

309 271 448 323 ξυνών
486 275 530 314 δὲ
570 272 735 314 τούτων
775 278 855 316 τισι
895 273 943 316 το
979 279 1059 329 μὲν
1097 275 1288 325 διδάξας,
1328 274 1375 317 τὸ
1414 278 1458 318 δὲ
1495 273 1662 328 μαθών

309 339 681 387 ἀπαλλαττέσθω,
716 343 845 397 φίλος
881 342 1002 395 παρα
1040 344 1178 397 ιμ’λων
1215 342 1373 396 δώροις
1407 346 1479 385 καὶ
1516 351 1662 398 τιμαῖς

310 406 581 461 πρεπούσαις
629 409 848 460 τιμηθείς.
924 409 1110 457 Τούτοις
1145 407 1197 458 δὴ
1235 416 1327 458 τοῖς
1366 407 1518 464 νόμοις
1550 408 1661 452 ὐπο-

309 475 520 528 δέχεσθαί
554 489 598 515 τε
629 472 715 528 χρὴ
754 474 929 524 πάντας
964 475 1111 524 ξένους
1135 491 1180 517 τε
1202 477 1275 517 καὶ
1300 475 1425 527 ξένας
1456 476 1500 527 ἐξ
1523 475 1661 529 ἄλλης

227 556 262 596 E
304 541 452 596 χώρας
497 543 568 582 καὶ
622 541 724 590 τοὺς
771 539 920 584 αὐτῶν
963 547 1213 596 ἐκπέμπειν,
1261 544 1480 596 τιμῶντας
1522 542 1661 594 ξένιον

308 611 402 656 Δία,
436 607 496 660 μὴ
535 606 739 661 βρώμασι
775 611 846 650 καὶ
885 609 1062 661 θύμασι
1099 608 1179 657 τάς
1214 608 1473 660 ξενηλασίας
1506 625 1661 653 notov-

307 679 476 726 μένους,
511 674 725 729 καθάπερ
761 677 938 718 ποιοῦσι
968 678 1048 718 νῦν
1079 678 1317 730 θρέμματα
1345 679 1519 726 Νείλου,
1553 678 1661 730 μηδὲ

306 741 582 797 κηρύγμασιν
615 741 800 797 ἀγρίοις.

307 882 373 915 que
398 872 441 903 de
465 881 575 912 marg.
605 872 684 903 libri
715 869 744 902 Ω
780 877 939 905 testatur.

307 929 415 951 censs.
446 918 565 948 Herm.
592 916 757 953 Schneid.

1003 873 1133 904 Verum
1164 873 1392 904 restituerunt
1426 873 1530 904 etiam
1556 873 1662 916 Turi-p

401 961 541 1004 ξυνών
577 961 624 993 δὲ
667 961 831 994 τούτων
868 962 971 1004 τισί]
1009 961 1045 994 δὲ
1071 963 1177 1003 vulgo
1203 963 1292 994 male
1317 963 1515 1004 neglectum
1545 972 1587 995 ex
1615 964 1659 998 A.

314 1008 351 1041 Ω.
380 1022 410 1041 v.
438 1010 461 1041 f.
488 1019 515 1040 r.
542 1018 571 1040 a.
601 1007 629 1040 δ.
656 1020 686 1040 ο.
715 1010 958 1041 revocavimus
985 1019 1061 1041 cum
1089 1008 1263 1041 Bekkero.

308 1101 437 1133 mentio
470 1100 515 1131 ad
548 1109 618 1131 rem
645 1105 862 1141 praesentem
886 1101 949 1132 mi-

308 1157 373 1180 nus
389 1152 472 1188 apta
488 1151 552 1186 est,
568 1147 741 1188 siquidem
757 1157 840 1178 vera
855 1152 948 1186 sunt,

308 1204 396 1234 quae
421 1193 463 1224 de
492 1192 594 1224 huius
620 1193 772 1225 nominis
804 1203 869 1225 usu
904 1193 949 1224 ad

308 1239 400 1271 Tim.
426 1249 462 1279 p.
485 1238 540 1271 20.
561 1237 600 1270 C.
621 1239 859 1279 exposuimus.
902 1237 948 1270 O·

307 1287 404 1328 ptimi
431 1285 570 1316 codices
595 1286 664 1316 duo
684 1290 772 1316 teste
789 1284 948 1317 Bekke-

307 1343 352 1364 ro
381 1331 426 1362 τῶ
451 1328 600 1373 τοιούτῳ
627 1329 712 1372 ξένῳ
741 1328 802 1371 τὴν
827 1343 856 1362 κ.
880 1342 905 1364 τ.
920 1331 948 1361 λ.

307 1378 377 1410 Sed
418 1377 503 1409 Bas
516 1378 577 1408 tio
628 1382 717 1408 teste
753 1377 867 1409 Paris.
905 1378 948 1408 A.

306 1423 441 1466 liquido
478 1424 710 1476 perscriptum
742 1423 865 1461 habet,-
906 1422 951 1464 τῷ

308 1467 453 1511 τοιούτῳ
480 1470 566 1512 ξέιῳ
593 1465 614 1509 ἢ
643 1468 702 1511 τὴν
729 1480 756 1499 κ.
774 1481 798 1500 τ.
827 1470 852 1500 λ..
885 1471 949 1500 At-

307 1527 374 1559 que
399 1516 490 1547 hanc
516 1515 698 1547 lectionem
719 1516 818 1547 unice
833 1526 948 1547 veram

298 1564 401 1602 esse,
436 1562 563 1602 quovis
587 1562 735 1602 pignore
762 1561 949 1593 contende-

307 1610 384 1640 rim.
443 1607 534 1640 Nam
567 1609 649 1640 inde
681 1610 840 1639 exoritur
870 1617 948 1639 sen-

308 1655 419 1686 tentia
451 1654 636 1694 aptissima
669 1654 771 1686 haec:
819 1654 950 1685 adeat

307 1701 478 1731 domum
512 1701 624 1739 eius,
666 1700 736 1740 qui
770 1700 945 1731 institu-

307 1745 421 1777 tioni
464 1746 636 1786 publice
677 1750 741 1777 est
777 1746 948 1786 praefe-

307 1797 424 1830 ctus,
459 1792 523 1823 vel
555 1791 722 1822 domum
748 1792 947 1822 alicuius

304 1847 470 1876 eorum,
518 1839 595 1878 qui
633 1837 682 1868 ob
733 1837 946 1869 virtutem

303 1893 420 1915 suam
446 1883 635 1914 hominis
660 1883 857 1923 praemia
880 1893 944 1915 re-

304 1930 517 1960 tulerunt.
575 1929 691 1970 Atque
716 1929 752 1959 in
777 1929 868 1960 hanc
893 1930 944 1970 ip-

303 1985 378 2008 sam
397 1975 571 2007 rationem
586 1975 690 2006 etiam
717 1974 844 2006 Baite
856 1985 944 2006 rum

303 2022 408 2054 video
440 2023 642 2053 coniectura
678 2030 741 2052 sua
773 2031 849 2053 esse
885 2021 944 2053 de-

303 2069 457 2100 ductum.

349 2114 392 2145 E.
441 2110 490 2154 μὴ
526 2110 728 2153 βρώμασι
764 2111 832 2142 καὶ
868 2109 944 2143 θύ-

301 2169 404 2198 μασι
460 2157 506 2200 -]
555 2158 820 2199 peregrinos
858 2167 943 2190 non

302 2205 580 2247 expellentes
616 2204 768 2235 coenis
805 2208 848 2234 et
884 2214 943 2236 sa—

302 2252 519 2290 crificiis,
546 2250 580 2281 h.
607 2260 636 2281 e.
662 2259 782 2281 eorum
807 2259 872 2281 usu
899 2250 943 2281 iis

301 2298 560 2330 interdicentes.
610 2295 668 2327 Ad
687 2292 816 2327 Νείλου
836 2293 939 2336 θρέμ-

301 2354 388 2383 ματα
434 2343 596 2376 conferas
645 2351 735 2383 quae
779 2341 944 2382 exposuit

301 2389 556 2422 Blomfield.
583 2387 700 2420 Gloss.
715 2387 759 2419 ad
778 2387 942 2429 Aeschyl.

304 2436 402 2468 Pers.
429 2445 518 2469 vers,
537 2434 594 2468 35.
621 2432 783 2465 Ceterum
811 2433 866 2464 hic
891 2434 941 2465 lo-

301 2492 360 2514 cus
386 2483 525 2514 videtur
557 2490 723 2521 arguere,
758 2479 940 2511 Platonem

300 2529 369 2560 ista
393 2529 586 2569 scripsisse,
612 2531 840 2568 posteaquam
866 2526 942 2566 ipse

300 2574 498 2614 Aegyptios
534 2582 726 2614 eorumque
761 2581 875 2604 mores
907 2576 942 2603 et

300 2620 463 2651 instituta
489 2620 614 2650 itinere
639 2618 685 2650 ad
699 2628 760 2650 eos
776 2623 939 2659 suscepto

299 2666 510 2697 lustraverat
535 2669 569 2696 et
591 2668 817 2705 cognoverat.

345 2711 430 2753 Cap.
462 2711 544 2743 V11.
594 2708 800 2742 ἐνανιιόν
837 2719 937 2749 μαρ-

301 2754 446 2798 τύρων
469 2756 519 2798 μὴ
545 2755 721 2787 ἔλαττον
743 2751 764 2796 ἢ
790 2754 935 2797 τριῶν]

1017 1098 1121 1137 Quod
1146 1099 1391 1131 fideiussiones
1419 1100 1493 1130 vult
1515 1102 1661 1141 syngra-

1016 1146 1096 1186 phis
1123 1146 1293 1187 perscribi
1321 1155 1436 1177 coram
1462 1145 1574 1181 tribus
1603 1146 1659 1178 vel

1018 1193 1172 1234 quinque
1191 1191 1352 1229 testibus,
1370 1191 1578 1224 minuendae
1594 1192 1660 1224 sci-

1017 1239 1098 1269 licet
1124 1238 1332 1279 litigationis
1349 1247 1485 1278 caussa,
1512 1238 1549 1269 id
1571 1247 1659 1269 non-

1017 1284 1104 1315 nihil
1143 1284 1184 1315 ab
1222 1285 1336 1315 Attico
1380 1284 1455 1315 iure
1496 1284 1658 1316 recedere

1017 1330 1173 1362 ostendit
1197 1330 1432 1362 Hermann.
1465 1329 1520 1362 De
1551 1331 1658 1362 vesti·

1018 1377 1085 1416 giis
1110 1382 1171 1407 etr.
1198 1387 1230 1417 p.
1256 1375 1310 1410 66.
1355 1376 1463 1407 Attici
1488 1377 1576 1408 iuris
1601 1386 1657 1408 ra-

1019 1424 1149 1454 tionem
1197 1423 1383 1463 descripsit
1423 1421 1450 1453 P
1468 1422 1513 1454 la
1528 1427 1542 1452 t
1557 1432 1580 1454 n
1593 1432 1612 1453 e
1629 1432 1658 1457 r.

1018 1469 1071 1500 De
1107 1478 1260 1509 process.
1297 1473 1330 1500 et
1373 1468 1494 1500 litibus
1527 1467 1657 1500 Athen.

1020 1515 1099 1547 Vol.
1125 1514 1170 1546 11.
1206 1525 1238 1555 p.
1266 1513 1346 1548 365.
1374 1524 1450 1555 sqq.
1487 1514 1542 1546 De
1567 1513 1658 1545 ἔλατ·

1020 1571 1077 1590 τον
1108 1571 1138 1591 v.
1165 1562 1210 1592 ad
1235 1560 1375 1592 Menex.
1399 1570 1432 1600 p.
1460 1559 1514 1594 23.
1548 1560 1658 1602 intpp.

1016 1607 1059 1638 ad
1087 1605 1214 1638 Thom.
1228 1606 1324 1647 Mag.
1352 1616 1385 1647 p.
1403 1606 1478 1641 719.
1504 1606 1656 1639 Moerid-

1017 1654 1090 1684 Att.
1119 1663 1152 1693 p.
1173 1652 1252 1686 ⁶294.
1269 1652 1434 1684 Jacobs
1453 1652 1498 1683 ad
1515 1652 1657 1684 Aelian-

1017 1710 1048 1739 p.
1075 1698 1152 1732 158.
1179 1698 1398 1729 Matthiae
1433 1696 1494 1729 Gr.
1522 1696 1550 1738 ξ.
1576 1697 1656 1732 437.

1016 1754 1097 1775 ann.
1126 1744 1156 1776 2.
1183 1754 1215 1784 p.
1241 1743 1319 1777 984.
1348 1743 1401 1775 ed.
1427 1742 1460 1777 3.
1483 1762 1523 1766 —
1550 1739 1656 1785 ὑπὲρ

1015 1791 1154 1830 χιλίας
1177 1800 1225 1821 sc.
1253 1787 1412 1830 δραχμάς.

1062 1881 1101 1912 Ρ.
1133 1880 1210 1915 954.
1251 1879 1316 1911 καὶ
1353 1876 1374 1910 o‘
1415 1879 1656 1920 προπωλῶν

1015 1924 1180 1969 ὁτιοῦν]
1208 1927 1252 1958 H.
1267 1936 1296 1958 e.
1325 1924 1545 1968 ,.προπιυ’λης,
1571 1936 1656 1967 προ-

1015 1972 1152 2014 πράτωρ
1168 1983 1195 2006 s.
1208 1969 1473 2014 nponpdtrqs·,·‘v.
1493 1973 1655 2004 Pollux

1015 2018 1081 2051 On.
1111 2019 1189 2052 VlI.
1215 2020 1246 2053 2.
1277 2019 1493 2060 Intelligitur
1516 2019 1564 2058 is,
1596 2019 1655 2060 qui

1014 2071 1182 2097 emtorem
1229 2066 1334 2097 alicui
1378 2065 1559 2102 concilial;
1602 2065 1655 2096 in-

1013 2113 1117 2143 stitor
1142 2111 1197 2143 vel
1216 2115 1421 2153 proxeneta.
1448 2109 1656 2151 Quicunque

1013 2159 1120 2198 igitur
1150 2167 1213 2198 pro
1249 2158 1319 2188 alio
1345 2157 1429 2197 quid
1455 2156 1574 2188 vendit
1599 2155 1655 2187 vel

1014 2209 1183 2235 emtorem
1211 2206 1402 2243 comparat,
1427 2202 1457 2233 is
1479 2203 1567 2241 eius,
1594 2202 1655 2242 qui

1013 2249 1069 2280 vel
1094 2249 1266 2290 spondere
1299 2247 1440 2289 nequit,
1471 2257 1543 2280 rem
1578 2257 1654 2280 esse

1013 2305 1111 2326 suam
1143 2304 1250 2335 seque
1281 2298 1488 2335 potestatem
1523 2292 1655 2325 habere

1012 2351 1087 2372 eam
1123 2340 1313 2379 vendendi,
1359 2339 1413 2371 vel
1445 2340 1653 2371 evictionem

1011 2392 1190 2428 praestare
1215 2396 1285 2417 non
1304 2390 1432 2426 potest,
1463 2385 1653 2417 fideiussor

1012 2437 1099 2472 esto,
1126 2432 1158 2463 h.
1187 2442 1227 2470 e.‚
1254 2433 1283 2464 is
1298 2431 1470 2472 spondete
1487 2441 1550 2473 pro
1569 2439 1650 2463 ven-

1010 2479 1135 2509 ditore.
1186 2477 1273 2510 Nam
1300 2475 1318 2508 ὁ
1342 2475 1388 2518 μὴ
1414 2474 1556 2508 ἐνδίκως
1581 2487 1650 2508 πω·

1011 2525 1077 2555 λών
1108 2530 1173 2556 est:
1215 2524 1274 2566 qui
1312 2523 1486 2565 spondere
1517 2523 1651 2563 nequit,

1009 2580 1081 2602 rem
1106 2579 1182 2603 esse
1207 2579 1324 2606 suam3
1354 2569 1464 2611 igitur
1488 2569 1549 2610 qui
1574 2577 1650 2600 eam

1010 2617 1183 2648 vendendi
1211 2620 1418 2670 potestatem
1445 2625 1514 2646 non
1533 2615 1650 2654 habet,

1010 2667 1044 2695 et
1082 2659 1100 2693 ό
1148 2659 1309 2703 μηδαμῶς
1347 2656 1536 2701 ἀξιόχρεως
1577 2665 1650 2699 est3

1009 2710 1069 2750 qni
1107 2709 1318 2741 evictionem
1357 2710 1538 2749 praestare
1579 2715 1650 2739 non
1707 2744 1718 2756 ,
1739 2700 1756 2740 ⁹.

1008 2760 1141 2795 potest,
1180 2754 1212 2784 h.
1247 2763 1275 2785 e.
1312 2753 1484 2793 spondere
1515 2752 1650 2793 nequit,
