1781 2971
300 159 382 199 450
731 156 813 197 DE
846 156 1221 198 EPINOMIDIS

301 283 473 324 quoque
511 268 638 309 facile
679 268 780 309 licet
821 268 1031 324 intelligi,
1081 276 1238 310 temere
1282 267 1456 308 omnino
1488 266 1658 323 Epino-

301 325 426 367 midis
476 332 697 366 auctorem
743 325 874 366 libelli
929 325 1206 380 scriptionem
1249 338 1501 380 aggressum
1547 339 1655 366 esse.

301 385 447 435 Atque
497 381 604 422 haee
653 396 786 434 quum
829 382 889 422 ita
929 396 1025 423 sese
1065 360 1301 433 habeant,O
1307 359 1514 421 videmur
1553 395 1655 422 sane

301 438 392 479 iure
424 444 573 479 nostro
605 438 665 478 ita
696 437 888 479 iudicare
920 446 1049 492 atque
1081 444 1285 489 statuere,
1318 443 1367 477 ut
1390 436 1458 477 vel
1482 451 1657 491 perver-

303 495 473 536 sitatem
515 494 711 546 consilii,
755 493 872 548 quod
904 501 1054 535 auctor
1082 494 1215 535 libelli
1248 494 1290 534 in
1321 492 1556 535 scribendo
1588 508 1656 535 se-

303 561 465 606 quutus
494 558 575 604 est,
609 549 895 591 adulterinam
927 551 1072 606 operis
1105 551 1314 606 orioinem
1353 564 1534 605 arguere
1568 550 1659 591 exi-

304 608 543 661 stimemus,
578 606 929 661 quandoquidem
961 607 1079 648 nullo
1122 614 1247 662 pacto
1279 607 1372 647 fieri
1412 606 1580 670 potuit,
1611 613 1661 647 ut

303 671 377 705 aut
412 664 536 705 Plato
569 670 643 704 aut
675 663 831 718 aliquis
864 665 954 704 eius
988 663 1251 718 discipulus,
1298 663 1372 717 qui
1414 663 1549 717 lpsius
1591 678 1658 703 ra-

259 762 263 764 .
306 722 468 762 tionem
504 721 750 761 accuratius
783 721 1001 775 cognitam
1035 720 1226 773 haberet,
1262 720 1405 775 Leges
1446 719 1523 760 tali
1555 734 1659 773 sup-

303 777 519 832 plemento
551 791 759 817 exornare
792 776 909 831 apud
941 777 1128 817 animum
1161 792 1283 818 suum
1318 775 1620 817 constitueret.

420 833 507 875 Sed
542 848 673 897 quum
706 833 788 873 iam
820 832 1040 873 scribendi
1082 833 1324 878 consilium,
1371 832 1488 887 quod
1528 847 1660 887 opus-

305 890 387 930 vuli
421 896 572 931 auctor
601 890 713 941 iniit,
746 890 896 944 utique
928 889 1015 930 tale
1046 891 1116 941 sit,
1150 889 1265 930 unde
1288 889 1393 930 illud
1417 889 1658 930 certissime

305 947 453 1002 colligi
486 947 617 987 liceat
655 962 741 986 non
780 961 907 1000 posse
951 952 1066 986 rette
1097 946 1270 987 Platoni
1314 946 1381 986 vel
1420 945 1548 986 etiam
1587 945 1659 985 alii

306 983 567 1057 philosopho
598 1002 835 1057 sapientiae
869 1001 1122 1043 Platonicae
1154 1002 1300 1065 paullo
1332 1001 1524 1057 periti01i
1549 1008 1658 1042 tam-

305 1075 375 1112 qu
368 1075 433 1099 un
465 1059 688 1114 propiium
721 1059 913 1110 attribui
947 1065 1036 1099 tum
1070 1059 1198 1100 etiam
1231 1059 1497 1113 prunarium
1508 1058 1660 1112 scripti

304 1122 605 1169 argrumentum
644 1114 856 1156 eiusmodi
899 1103 991 1167 est,
1047 1115 1159 1157 unde
1215 1115 1330 1156 idem
1390 1114 1660 1171 intelligatur

304 1173 372 1213 lm
378 1173 660 1213 ulentlssime
725 1172 759 1211 1⁴
765 1178 806 1212 st
837 1172 948 1212 enim
990 1171 1097 1212 illud
1140 1172 1338 1226 profecto
1381 1172 1443 1212 ita
1486 1186 1659 1226 compa-

305 1236 460 1282 ratum,
492 1236 541 1270 ut
571 1243 596 1269 a
626 1236 767 1269 mente
801 1243 851 1269 ac
883 1229 1099 1269 sententia
1132 1228 1343 1280 Platonis,
1377 1243 1505 1282 quam
1529 1227 1658 1269 homo

305 1292 379 1326 aut
408 1301 495 1326 non
527 1292 786 1339 assequutus
819 1291 885 1325 est
915 1285 1023 1326 satis
1064 1293 1138 1326 aut
1169 1285 1406 1326 miserrime
1436 1285 1658 1340 pervertit,

303 1343 456 1382 mirum
499 1348 708 1394 quantum
757 1341 998 1382 abhorreat.
1079 1341 1197 1394 Quid
1250 1341 1393 1382 enim?
1445 1356 1658 1395 quaenam

304 1398 479 1439 tandem
509 1398 593 1439 ista
623 1398 837 1453 sapientia
869 1405 950 1449 est,
984 1413 1112 1451 quam
1148 1398 1379 1438 homuncio
1408 1413 1486 1452 per
1517 1404 1657 1439 totum

304 1470 543 1496 sermonem
595 1462 767 1509 crepat,
814 1469 1030 1508 quamque
1075 1454 1204 1509 longe
1243 1454 1659 1509 praestantissimam

304 1526 396 1552 esse
429 1511 614 1563 dictitat,
647 1511 709 1551 ita
741 1517 788 1551 ut
818 1510 955 1566 ipsam
989 1518 1164 1552 censeat
1204 1511 1411 1566 imprimis
1441 1512 1566 1552 etiam
1600 1511 1660 1552 ci-

303 1568 449 1608 vit-atis
501 1567 756 1609 custodibus
796 1567 1127 1621 impertiendam
1168 1567 1295 1609 esse?
1336 1567 1552 1609 Nimirum
1594 1574 1661 1609 est

305 1639 393 1664 una
443 1631 572 1678 atque
623 1624 717 1665 sola
768 1623 967 1664 doctrina
1021 1631 1063 1664 et
1101 1624 1287 1665 seientia
1338 1623 1658 1677 mathematica,

305 1680 485 1720 maxime
517 1681 824 1731 astronomica,
860 1695 987 1733 quam
1020 1695 1148 1721 unam
1181 1688 1329 1722 censet
1362 1687 1404 1721 et
1433 1681 1659 1736 religiosae

304 1737 477 1800 pietatis
517 1743 560 1777 et
602 1737 716 1777 vitae
758 1736 998 1778 honestatis
1040 1743 1082 1778 et
1125 1751 1226 1778 vero
1278 1737 1406 1778 etiun
1457 1737 1657 1802 publicae

306 1793 461 1847 privat
451 1807 587 1846 aeque
608 1793 830 1833 felicitatis
855 1793 1270 1847 praestantissimam
1291 1808 1385 1835 esse
1405 1794 1655 1850 magistram

304 1857 434 1902 atque
457 1848 729 1891 effectricem.
792 1848 918 1901 Quae
949 1849 1120 1903 quidem
1144 1850 1360 1891 sententia
1384 1865 1470 1904 quo
1501 1850 1659 1891 clarius

304 1906 574 1961 intelligatur
625 1905 765 1959 qualis
813 1907 870 1946 sit
911 1912 953 1946 et.
1000 1907 1156 1960 quibus
1209 1906 1372 1947 nitatur
1414 1906 1658 1948 rationibus

304 1970 434 2016 atque
467 1962 648 2014 caussis,
682 1971 797 2003 (erte
828 1977 914 2002 non
958 1962 1109 2004 inutile
1153 1963 1234 2004 erit
1274 1964 1360 2005 loci
1400 1963 1538 2016 illius,
1585 1964 1657 2017 qui

304 2018 875 2063 liuc.tacit,sententi·1rn
929 2020 1078 2073 paucis
1128 2020 1350 2073 retulisse,
1403 2020 1658 2075 praesertim

304 2091 436 2130 quum
467 2075 512 2115 in
544 2067 595 2116 eo
629 2090 715 2116 non
748 2075 853 2116 levis
886 2074 1133 2138 dominetur
1163 2092 1303 2118 re1um
1342 2077 1658 2131 verborumque

306 2132 564 2172 obscuritas.
641 2131 797 2184 Itaque
840 2131 1012 2186 sapiens
1056 2139 1206 2174 noster
1246 2148 1288 2187 p.
1322 2134 1416 2174 974.
1463 2133 1517 2174 D.
1560 2147 1655 2187 sqq.

305 2195 404 2228 ante
445 2188 589 2228 omnia
627 2195 740 2229 artes
781 2186 936 2228 dividit
976 2189 1210 2240 trifariam,
1262 2190 1406 2244 prouti
1452 2189 1560 2230 aliae
1602 2188 1655 2230 ad

305 2243 623 2298 comparandas
652 2247 763 2285 vitae
805 2244 1112 2297 necessitates,
1157 2245 1264 2285 aliae
1311 2244 1364 2285 ud
1407 2245 1657 2288 efficiendas

304 2301 552 2355 voluptates
602 2307 645 2341 et
692 2299 1008 2353 iucunditates,
1060 2301 1168 2342 aliae
1213 2300 1397 2355 denique
1439 2301 1492 2343 ad
1541 2303 1655 2344 vitae

303 2357 544 2398 communis
583 2357 762 2411 negotia
802 2358 1053 2400 referantur.
1126 2357 1247 2410 Quas
1290 2357 1464 2412 quidem
1506 2374 1655 2401 omnes

304 2419 535 2468 postquam
569 2413 674 2455 satis
706 2412 1013 2454 declamatorie
1044 2414 1234 2454 ostendit
1275 2414 1380 2455 nihil
1420 2414 1653 2469 quidquam

303 2470 550 2522 continere,
581 2469 701 2523 quod
745 2469 890 2523 aliqua
931 2469 1095 2511 ratione
1136 2470 1189 2511 ad
1232 2470 1400 2512 laudem
1445 2472 1654 2513 scientiae

302 2526 471 2566 nomine
503 2541 582 2567 suo
616 2526 775 2581 dignae
806 2527 970 2578 valeat,
1005 2527 1110 2568 miro
1155 2542 1262 2568 ausu
1306 2534 1513 2582 protenus
1554 2527 1655 2569 inde

301 2581 537 2633 concludit,
571 2597 698 2623 unam
730 2597 823 2623 esse
854 2558 1095 2624 doctiinam
1141 2583 1509 2636 mathematicam,
1542 2598 1652 2637 quae

304 2636 385 2678 hoe
419 2638 649 2702 praeconio
682 2638 814 2693 diana
844 2639 914 2692 sit,
941 2639 1299 2704 quandoquidem
1342 2655 1393 2682 ea
1423 2655 1511 2681 una
1541 2655 1653 2681 mor-

306 2693 415 2736 tales
449 2693 503 2735 ad
536 2675 754 2736 xirtuteni
782 2702 825 2736 et
856 2695 1112 2750 sapientiam
1147 2696 1441 2751 imprimisque
1481 2695 1535 2738 ad
1568 2697 1652 2752 pie-
