1781 2971
296 150 378 191 294
731 146 735 153 ’
788 148 1159 192 PLATONIS

295 264 353 315 ὡς
384 266 544 320 ἔρανον
582 267 840 320 εὶςφέροντα
877 268 1018 320 ἑαυτῷ
1055 283 1098 308 τε
1120 267 1193 308 καὶ
1219 271 1311 314 τοῖς
1346 264 1500 317 αὑτοῦ,
1529 264 1642 310 κατὰ

297 330 487 386 δύναμιν
534 334 710 381 παντως
755 334 905 374 πᾶσαν
958 333 1208 389 εὐεργετεῖν.
1255 331 1278 375 ὁ
1326 335 1406 387 μὲν
1453 333 1505 385 δὴ
1555 352 1645 376 πει-

227 397 268 438 Ι)
299 401 429 448 σθεὶς
465 399 524 452 τῷ
561 397 646 453 πρὸ
674 400 753 442 τοῦ
791 399 932 452 νόμου
966 399 1104 454 μύθῳ
1134 402 1208 441 καὶ
1241 402 1378 454 μηδὲν
1408 405 1466 450 εἰς
1502 401 1646 457 ὀρφα-

294 466 376 507 νον
420 463 606 521 ὑβρίσας
643 465 722 508 οὐκ
761 465 920 508 εἵσεται
969 467 1163 521 ἐναργῶς
1211 466 1293 518 τὴν
1329 471 1424 522 περὶ
1462 469 1516 508 τοὶ
1557 484 1646 510 τοι-

295 534 413 574 αῦτα
449 530 588 587 ὀργὴν
623 536 902 587 νομοθέτου,
942 531 964 576 ὁ
1003 535 1048 576 δὲ
1083 532 1285 584 ἀπειθὴς
1320 536 1393 576 καί
1427 550 1528 575 τινα
1563 550 1648 575 πα-

297 598 401 654 τρὸς
434 597 459 650 ὴ
496 597 666 652 μητρὸς
700 602 864 652 ἔρημον
907 600 1073 642 ἀδικῶν
1117 601 1275 650 διπλῆν
1311 606 1460 643 τινέτω
1497 601 1649 642 πᾶσαν

296 666 378 718 τὴν
413 665 589 720 βλάβην
627 665 652 716 ἣ
691 670 786 721 περὶ
824 666 902 709 τὸν
938 666 1185 723 ἀμφιθαλῆ
1230 665 1465 719 γενόμενος
1500 667 1648 716 κακός.

298 732 379 784 τὴν
417 734 462 775 δὲ
499 731 641 783 ἄλλην
677 736 953 787 νομοθεσίαν
989 732 1266 788 ἐπιτρόποισί
1303 750 1347 775 τε
1370 737 1468 787 περὶ
1504 733 1649 791 ὀρφα-

296 799 403 848 νοὺς
437 797 623 853 ἄρχουσί
660 815 703 841 τε
739 803 835 854 περὶ
864 800 946 851 τὴν
983 803 1227 853 ἐπιμέλειαν
1265 802 1353 841 τῶν
1387 799 1651 854 ἐπιτρόπων,

300 871 336 909 εὶ
369 868 450 919 μὲν
486 865 539 917 δὴ
580 868 918 921 παραδείγματα
957 883 1000 909 τε
1038 869 1210 922 τροφῆς
1258 869 1427 909 παίδων
1474 869 1650 910 ἐλευθὲ·

299 948 388 987 ρων
427 938 654 984 ἐκέκτηντο
689 932 816 976 αὐτοὶ
856 939 1091 989 τρέφοντες
1128 934 1234 983 τοὺς
1269 932 1419 975 αὐτῶν
1452 937 1523 975 καὶ
1565 937 1650 975 τῶν

230 1007 268 1047 Ε
302 1003 470 1042 οἰκείων
502 998 743 1055 χρημάτων
780 1000 1132 1055 ἐπιμελούμενοι,
1175 1003 1235 1042 ἔτι
1274 1002 1317 1042 δὲ
1354 998 1518 1054 νόμους
1555 1004 1652 1055 περὶ

301 1065 452 1109 αὐτῶν
488 1067 657 1108 τούτων
692 1070 874 1123 μετρίως
917 1069 1211 1121 διειρημένους
1249 1067 1384 1122 εἶχον,
1437 1066 1519 1122 εἶχε
1552 1084 1653 1109 τινα

298 1133 435 1186 λόγον
468 1132 527 1175 ἂν
563 1133 879 1188 ἐπιτροπικούς
917 1151 1041 1184 τινας
1074 1132 1261 1187 νόμους,
1298 1131 1355 1183 ὡς
1391 1134 1525 1184 ὄντας
1563 1136 1656 1188 ibic!

299 1204 592 1259 διαφέροντας
629 1200 757 1249 πολύ,
808 1203 999 1250 τιθέναι,
1036 1202 1344 1250 ποικίλλοντας
1368 1199 1654 1254 ἐπιτηδεύμα-

301 1282 371 1310 σιν
406 1270 533 1316 ἰδίοις
569 1266 648 1309 τὸν
676 1269 764 1309 τῶν
799 1268 1013 1323 ὀρφανῶν
1048 1269 1148 1322 βίον
1185 1266 1307 1320 παρὰ
1345 1266 1423 1310 τὸν
1459 1269 1547 1310 τῶν
1575 1266 1651 1322 μή·

394 1422 440 1454 D.
487 1421 626 1460 εἰμὲν
655 1421 704 1464 δὴ
741 1421 1065 1464 παραδείγματά
1101 1422 1162 1464 τε]
1190 1422 1249 1454 Sic
1274 1427 1362 1455 teste
1387 1420 1511 1453 Bastio
1537 1419 1651 1452 Aass.

303 1468 420 1501 Ceteri
449 1464 660 1510 παράδειγμά
687 1479 728 1500 τε.
780 1468 944 1501 Ceterum
971 1470 1042 1501 vid.
1070 1470 1247 1510 explicatt.

1013 1582 1130 1613 lateat.
1181 1582 1254 1612 Aut
1279 1581 1370 1612 enim
1396 1588 1472 1610 cum
1490 1577 1655 1610 Grouio

1013 1626 1108 1668 εἰμὴ
1137 1625 1194 1667 δὴ,
1220 1631 1280 1658 aut
1305 1636 1381 1658 eum
1409 1624 1594 1656 Baitero
1621 1628 1655 1655 et

1013 1674 1264 1704 Hermanno
1307 1671 1340 1703 εἰ
1375 1669 1434 1709 μὲν
1467 1669 1512 1711 μὴ
1546 1672 1654 1701 corri-

348 1578 400 1612 ὢε
437 1580 621 1621 ἔρανον
661 1580 940 1625 είςφέροντα]

305 1626 349 1658 Υ.
377 1628 422 1658 ad
449 1638 482 1667 p.
511 1627 590 1660 910.
617 1627 658 1657 Ε.

352 1673 390 1704 Ι).
423 1674 474 1703 τῶ
500 1671 579 1714 πρὸ
607 1673 681 1704 τοῦ
708 1669 849 1710 νόμου
874 1670 944 1711 ,ου’-

303 1717 389 1761 θςυ]
417 1719 461 1750 H.
491 1729 519 1752 e.
548 1730 591 1761 τῳ
623 1720 803 1760 προοιμίῳ.

351 1763 502 1804 διπλιῖν
540 1764 685 1796 τιιέτω
717 1783 758 1787 -
794 1761 814 1805 ἢ
852 1764 944 1804 περὶ

305 1810 352 1852 τ]
392 1811 524 1852 duplo
563 1812 778 1842 maiorem.
830 1809 947 1847 Quare

306 1854 326 1898 ἢ
344 1863 435 1889 recte
452 1858 693 1898 subiungitur;
719 1868 748 1886 v.
768 1856 946 1886 Matthi-

303 1913 350 1935 ae
368 1901 429 1934 Gr.
450 1903 574 1943 §.Z-356.
605 1903 658 1934 De
685 1913 760 1933 voc.
787 1898 945 1941 α’μφιθα-

305 1946 364 1990 λής
379 1959 409 1979 v.
428 1948 638 1980 Ruhnken
665 1949 708 1980 ad
729 1948 819 1979 Tim.
839 1959 870 1988 p.
891 1948 945 1981 28.

351 1994 426 2036 τὴν
451 1993 494 2026 δὲ
519 1993 643 2036 ἄλλην
675 1994 946 2032 νομοθεσίαν

303 2040 371 2081 --]
419 2040 601 2072 Sententia
644 2041 711 2072 loci
752 2041 838 2072 haec
876 2045 944 2072 est:

308 2086 395 2117 Iam
433 2096 532 2118 vero
570 2087 684 2127 quod
716 2089 945 2127 praeterea

308 2132 469 2164 attinet
504 2132 554 2164 ad
589 2132 946 2172 legumlationem

310 2177 373 2209 vel
401 2178 622 2210 tutoribus
649 2178 698 2209 de
731 2178 944 2218 orphanis

310 2223 378 2254 vel
420 2224 758 2265 magistratibus
802 2224 851 2254 de
888 2228 944 2254 tu-

310 2276 447 2302 torum
482 2280 585 2302 cura
611 2270 813 2308 dandam,
840 2279 946 2310 opus

309 2316 427 2348 soret
464 2316 770 2357 singularibus
816 2320 946 2356 atque

308 2362 452 2402 privis
495 2363 543 2394 de
590 2363 712 2393 orbis
762 2362 947 2402 legibus,

309 2408 400 2439 nisi
436 2409 671 2440 communis
704 2408 819 2439 vitae
844 2418 946 2438 usus

310 2454 390 2484 iam
425 2455 484 2486 ita
517 2455 670 2493 ferret,
713 2459 755 2484 ut
789 2454 946 2495 orpha-

308 2509 457 2531 norum
483 2501 686 2532 conditio
713 2499 805 2531 fere
831 2505 947 2531 esset

308 2545 474 2585 eadem,
510 2555 617 2587 quae
659 2556 805 2577 eorum
840 2546 946 2576 libe-

311 2601 470 2630 rorum,
527 2592 683 2632 quibus
738 2597 946 2632 parentes

310 2637 448 2668 adhuc
511 2638 778 2678 superstites
837 2642 949 2669 sunt.

312 2684 435 2723 ltaque
453 2684 605 2714 dubitari
625 2694 693 2714 uon
711 2688 837 2724 potest,
865 2684 948 2724 quin

312 2731 346 2760 in
374 2729 489 2760 verbis
509 2728 541 2759 εί
561 2728 620 2767 μὲι·
640 2726 680 2770 61}
706 2730 834 2770 aliquis
852 2739 949 2760 error

1014 1719 1176 1759 gendum,
1202 1717 1483 1760 quandoquidem
1503 1717 1579 1747 sine
1595 1726 1654 1748 ne-

1014 1766 1166 1805 gationis
1195 1765 1397 1796 accessione
1423 1763 1541 1794 omnia
1561 1763 1656 1794 elau-

1015 1811 1144 1842 dicant.
1192 1809 1435 1842 *scribendum
1479 1809 1586 1848 igitur
1626 1806 1660 1838 εἰ

1014 1855 1073 1894 μὲν
1097 1854 1159 1897 μὴ;
1195 1856 1230 1887 id
1264 1856 1355 1888 euim
1382 1864 1465 1886 sane
1500 1859 1654 1895 praesta-

1014 1903 1119 1934 bilius
1154 1908 1224 1941 est3
1267 1911 1335 1943 quo
1377 1901 1542 1931 restituto
1578 1901 1655 1931 uni-

1015 1958 1152 1980 versam
1179 1948 1360 1989 periodum
1387 1947 1483 1977 nullo
1511 1947 1655 1987 negotio

1015 1996 1064 2026 sic
1084 1994 1342 2035 interpreteris:
1369 1993 1453 2024 nisi
1479 1993 1562 2033 ipsi
1589 1993 1656 2031 (tu-

1015 2046 1109 2072 tores
1145 2046 1178 2071 et
1212 2041 1437 2080 magistratus
1472 2040 1494 2069 i.
1522 2048 1551 2069 e.
1583 2049 1656 2070 om-

1014 2088 1099 2118 nino
1133 2087 1246 2125 cives)
1281 2085 1496 2117 haberent
1521 2093 1655 2115 exem-

1014 2133 1085 2173 pla
1125 2130 1405 2164 educationis
1448 2130 1657 2170 ingenuo-

1015 2188 1104 2209 rum
1149 2178 1409 2213 liberorum,
1453 2175 1503 2207 ad
1544 2185 1657 2216 quae

1015 2234 1117 2255 suos
1162 2225 1356 2265 ipsorum
1397 2221 1522 2253 filios
1561 2221 1657 2252 edu-

1015 2274 1162 2301 carent
1182 2279 1227 2301 ae
1247 2268 1465 2309 propriam
1492 2277 1576 2298 rem
1600 2267 1657 2298 fa-

1016 2316 1218 2346 miliarem
1243 2318 1468 2351 curarent,
1494 2323 1542 2344 ac
1566 2313 1656 2344 nisi

1015 2367 1247 2402 praeterea
1277 2360 1494 2392 haberent
1534 2359 1656 2400 leges

1015 2408 1063 2438 de
1096 2407 1164 2438 his
1198 2408 1309 2447 ipsis
1346 2405 1475 2436 rebus
1508 2405 1656 2436 lauda-

1014 2453 1169 2484 biliter
1195 2452 1463 2494 dispositas·‚
1489 2451 1655 2482 rationi

1015 2499 1384 2540 quodammodo
1431 2501 1654 2528 consenta—

1016 2555 1137 2576 neum
1170 2550 1308 2584 esset,
1344 2545 1462 2583 leges
1496 2543 1657 2573 tutori-

1018 2601 1081 2629 as,
1115 2595 1265 2632 utpote
1291 2589 1469 2631 proprie
1504 2598 1579 2629 per
1613 2599 1657 2620 se

1018 2637 1195 2668 multum
1239 2637 1462 2673 diversas,
1507 2644 1657 2674 propo-

1018 2693 1117 2714 nere
1159 2694 1206 2715 ac
1249 2679 1560 2724 peculiaribus
1598 2680 1657 2711 in-

1018 2730 1193 2760 stitutis
1221 2730 1354 2760 vitam
1382 2726 1658 2758 etconditio-
