1781 2971
295 145 377 187 DE
410 144 684 189 LEGIBUS
717 143 837 186 LIB.
867 144 925 186 X.
959 145 1008 189 P.
1039 146 1135 186 909.
1171 144 1235 188 St.
1364 145 1444 187 237

94 261 142 305 τὸ
194 262 480 317 δικαστήριον
524 261 647 316 αὐτῷ
694 261 808 304 κατὰ
858 260 996 317 νόμον
1040 263 1252 304 δεδέσθαι
1286 264 1367 317 μὲν
1400 267 1446 304 ὲν

93 331 153 384 τῷ
206 331 292 371 τῶν
334 331 570 383 μεσογείων
617 330 910 385 δεσμωτηρίῳ,
958 333 1183 385 προςιέναι
1231 331 1275 371 δὲ
1321 327 1445 383 αὐτῷ
1493 330 1529 371 C

91 398 257 450 μηδένα
295 396 541 451 ἐλεύθερον
575 398 807 449 μηδέποτε,
846 394 1012 447 τακτὴν
1047 398 1091 438 δὲ
1124 393 1211 438 ὑπὸ
1251 397 1340 437 τῶν
1375 411 1444 438 νο-

92 462 364 522 μοφυλάκων
407 461 577 512 αὐτοὺς
625 461 800 520 τροφὴν
836 461 959 518 παρὰ
1001 463 1087 504 τῶν
1120 463 1301 505 οἰκετῶν
1338 465 1448 517 λαμ-

92 530 264 585 βάνειν.
312 528 622 572 ἀποθανόντα
669 531 713 572 δὲ
758 529 835 581 ἔξω
890 530 977 570 τῶν
1031 527 1164 583 ὁρίων
1221 529 1448 583 ἐκβάλλειν

92 596 301 656 ἄταφον·
340 595 421 637 ὲαν
458 598 501 638 δε
535 612 599 645 τις
622 594 860 651 ἐλεύθερος
897 594 1155 654 συνθάπτῃ,
1193 596 1315 644 δίκας
1350 595 1449 638 άσε·

91 665 214 718 ιθείας
249 664 311 717 τῷ
347 664 555 705 ἐθέλοντι
587 660 822 718 λαγχάνειν
855 659 1059 716 ὑπεχέτω.
1107 663 1272 710 παῖδας
1309 663 1353 704 δὲ
1390 660 1448 704 ἂν
1501 685 1503 690 <

91 733 172 785 μὲν
219 732 460 789 καταλείπῃ
506 731 557 788 τῇ
605 728 730 771 πόλει
774 726 978 778 ἱκανούς,
1026 730 1067 770 οἱ
1109 729 1197 770 τῶν
1234 727 1448 786 ὀρφανῶν

92 796 428 851 ἐπιμελούμενοι
461 797 535 838 καὶ
571 794 765 845 τούτων,
811 792 869 845 ὡς
903 791 1046 836 ὄντων
1082 793 1320 853 ὀρφανῶν,
1357 799 1447 837 ἐπι·
1479 807 1522 849 D

90 865 340 918 μελείσθων
370 863 508 917 μηδὲν
538 869 689 917 χεῖρον
724 863 813 904 τῶν
845 858 993 903 ἄλλων
1029 859 1122 904 ἀπὸ
1156 862 1237 914 τῆς
1269 859 1447 919 ἡμέρας,

92 923 145 982 ἧς
177 926 236 971 ἂν
272 926 295 972 ὁ
334 926 483 984 πατὴρ
522 928 673 971 αὐτῶν
709 925 825 988 ὄφλῃ
861 928 945 980 τὴν
981 930 1120 980 δίκην.

194 992 307 1056 Cap.
346 992 480 1041 XVI.
550 993 722 1038 Κοινὸν
758 993 797 1038 δ’
839 997 909 1038 ἐπὶ
945 994 1125 1046 τούτοις
1158 995 1269 1038 πᾶσι
1304 992 1449 1049 νόμον

93 1064 277 1106 κεῖσθαι
307 1061 467 1119 χρεών,
513 1059 563 1113 ὃς
597 1061 763 1105 ἐλάττω
800 1078 847 1105 τε
883 1066 944 1112 εἰς
980 1060 1123 1112 θεοὺς
1156 1060 1308 1104 αὐτῶν
1342 1059 1449 1112 τοὺς

186 1193 225 1224 C.
275 1194 505 1234 προςιέναι
530 1192 574 1223 δὲ
597 1187 734 1235 αὐτῷ]
766 1189 886 1229 αὐτοῖς
913 1194 953 1224 Α.
979 1201 1010 1224 v.
1037 1201 1062 1222 r.
1089 1201 1119 1223 a.
1145 1191 1176 1222 δ.
1204 1203 1235 1223 ο.
1261 1196 1296 1224 et
1322 1201 1372 1234 pr.
1397 1192 1446 1223 Ω.

185 1238 235 1270 ἂν
260 1241 331 1281 μὲν
355 1236 621 1281 καταλείπῃ]
661 1238 772 1279 Vulgo
797 1237 979 1281 καταλίπῃ.
1029 1237 1101 1269 Sed
1127 1235 1317 1281 καταλείπῃ
1344 1239 1390 1269 A.
1416 1237 1447 1270 h.

94 1295 121 1317 r.
149 1295 198 1327 pr.
228 1282 267 1316 Ω.
295 1284 350 1325 qui
377 1283 459 1315 item
488 1284 520 1314 in
548 1293 656 1324 marg.
683 1288 799 1315 notat:
824 1281 867 1314 τὰ
895 1282 1094 1326 ἀντίγραφα
1121 1281 1200 1314 δ’λα.

185 1329 237 1366 ὦς
263 1328 403 1361 ὄντων
431 1327 650 1371 ὀρφανῶν]
675 1328 717 1360 ἂν
742 1331 807 1360 τῶν
833 1330 873 1371 A.
901 1333 936 1361 et
962 1339 1012 1370 pr.
1045 1326 1083 1360 Ω.
1109 1333 1202 1361 teste
1228 1328 1403 1361 Bekkero.

188 1377 227 1408 D.
276 1375 343 1407 ἐπὶ
378 1373 562 1412 τούτοις
600 1375 704 1407 ηᾰσι
738 1371 899 1416 νόμον]
937 1373 1063 1418 ὅμοιον
1097 1376 1142 1406 Α.
1172 1373 1235 1407 sed
1268 1374 1301 1406 in
1339 1385 1446 1417 marg.

93 1434 216 1465 Ψῦμον.

94 1532 269 1566 wassio
304 1532 347 1565 ad
387 1531 547 1574 Thucyd.
575 1532 632 1566 IV.
659 1532 738 1567 112.

94 1579 311 1612 substantive
325 1579 482 1620 positum
499 1583 632 1621 putare.
647 1580 696 1612 Vi
710 1589 741 1611 r·

855 1532 938 1573 Cap.
971 1531 1073 1565 XVI.
1129 1529 1176 1570 5¹5·
1207 1530 1369 1564 ἐλάττω
1407 1544 1448 1563 τε

807 1578 869 1615 εἰς
910 1577 1051 1614 θεοὺς
1087 1576 1228 1609 αὐτῶν
1269 1579 1333 1620 -]
1379 1577 1447 1619 qui

93 1627 165 1667 gil.
203 1626 293 1657 Aen.
328 1625 369 1659 ΙΙ.
405 1625 485 1659 290.
522 1625 610 1657 ruit
648 1626 739 1658 alto

93 1682 113 1703 a
161 1671 350 1704 culmine
392 1669 552 1710 Troia,
602 1670 658 1702 ubi
705 1680 738 1703 r.

93 1717 204 1759 intpp.
245 1716 338 1749 conf.
379 1716 404 1748 S
423 1727 440 1749 c
458 1715 476 1749 h
494 1726 511 1747 a
529 1727 547 1749 e
565 1716 609 1749 fe
626 1727 653 1748 r.
696 1716 739 1749 ad

94 1763 218 1795 Lamb.
251 1762 338 1795 Bos.
372 1762 424 1793 De
456 1763 566 1803 ellips.
600 1773 633 1804 p.
660 1762 739 1796 137.

94 1808 287 1850 Thucyd.
314 1809 335 1840 Ι.
365 1819 392 1839 c.
418 1807 634 1850 βουλόμενος
657 1805 737 1840 κατ’

93 1853 203 1898 ἄκρας
226 1854 282 1886 καὶ
305 1854 451 1895 βεβαίως
476 1854 562 1886 ἑλεῖν
585 1853 649 1894 τὴν
673 1852 740 1886 πᾶ-

94 1900 157 1933 λιν.
186 1899 401 1933 Herodot.
419 1900 485 1931 VI.
503 1900 559 1934 20.
586 1901 741 1942 αἱρέουσι

94 1944 175 1976 κατ’
211 1945 329 1988 ἄκρης.
363 1945 511 1987 Eurip.
550 1945 680 1978 Phoen.
707 1956 739 1977 v.

96 1991 200 2026 1192.
227 1990 298 2023 κατ’
323 1989 437 2031 ἄκρων
453 1990 637 2033 περγάμων
658 1992 741 2022 ἑλεῖν

95 2036 214 2077 πόλιν,
250 2036 292 2070 ad
318 2047 418 2078 quem
446 2038 558 2069 iocum
583 2047 615 2071 v.
645 2037 740 2070 Va!-

97 2083 177 2115 cke
191 2093 276 2116 nar.
341 2082 498 2115 Verbum
549 2084 658 2125 αἱρεῖν
707 2086 742 2115 et

95 2129 241 2171 ἐξαιρεῖν
291 2128 519 2161 evertendi
569 2134 604 2160 et
648 2139 741 2171 pes-

96 2174 330 2207 sumdandi
363 2175 397 2206 vi
429 2180 631 2216 usurpatum
657 2175 743 2207 satis

96 2221 260 2261 frequens
290 2224 356 2253 est.

142 2266 181 2298 ἐν
206 2269 262 2310 τῷ
296 2269 376 2298 τῶν
405 2266 667 2309 μεσογείων]
694 2266 740 2300 de

99 2321 167 2353 qno
192 2323 224 2344 v.
252 2316 353 2345 antea
379 2322 410 2353 p.
437 2312 518 2347 908.
546 2313 588 2347 A.

146 2357 186 2391 C.
242 2360 298 2399 τῷ
337 2358 548 2390 ἐθέλον-τι
580 2357 739 2401 λαγχά-

97 2398 214 2443 νειν]
250 2403 297 2435 Η.
325 2414 356 2436 e.
390 2404 514 2437 litem
541 2403 739 2436 intende-

97 2458 166 2489 re3
197 2459 226 2482 v.
260 2448 411 2482 Meier.
448 2450 499 2483 De
535 2450 594 2482 lite
628 2450 738 2482 Attio.

99 2505 135 2536 p.
160 2493 260 2539 596.—

147 2541 188 2573 D.
211 2542 284 2586 „²53
313 2538 362 2571 ἄν
395 2537 414 2571 o‘
442 2539 606 2584 πατὴρ]
634 2541 680 2573 Η.
708 2552 739 2575 e.

97 2584 165 2627 ἀφ’
204 2589 263 2628 ῆς,
311 2590 350 2618 ut
395 2586 490 2619 solet
525 2587 740 2629 praepositio

99 2637 179 2664 ante
217 2632 398 2664 relativum
439 2641 505 2663 non
547 2633 676 2667 iterari.
708 2644 739 2665 v.

99 2676 143 2710 ad
171 2677 347 2711 Phaedon.
374 2689 406 2720 p.
435 2677 488 2712 76.
518 2678 558 2710 D.
590 2680 738 2722 Apolog.

101 2723 199 2757 Socr.
226 2733 258 2766 p.
286 2724 342 2758 27.
370 2724 410 2756 D.

809 1623 1008 1664 efficiat,
1033 1628 1079 1656 ut
1104 1623 1350 1656 multitudo
1378 1624 1448 1656 mi-

810 1680 885 1703 nus
912 1669 1044 1702 factis
1072 1674 1114 1702 et
1139 1670 1288 1702 verbis
1313 1670 1351 1702 in
1380 1671 1448 1702 de-

809 1727 857 1749 os
903 1725 1008 1748 suos
1058 1719 1220 1756 peccet
1263 1721 1304 1748 et
1345 1726 1449 1748 vero

809 1762 942 1795 etiam
980 1761 1123 1794 minus
1158 1761 1353 1794 exsistat
1383 1761 1448 1794 de-

807 1818 935 1841 mens.
984 1807 1035 1840 De
1059 1806 1191 1839 ἰλᾰττω
1206 1806 1452 1840 adverbialiter

807 1855 925 1897 posito
950 1863 981 1885 ν.
1007 1853 1050 1886 ad
1077 1863 1108 1895 p.
1137 1852 1215 1887 904.
1241 1854 1280 1885 C.
1308 1854 1350 1885 D.
1377 1854 1450 1887 Pro

809 1901 900 1942 vulg.
929 1898 1044 1930 αὐτῶν
1072 1900 1224 1931 Astius
1251 1897 1366 1930 αὐτῶν
1389 1899 1449 1932 de-

810 1946 880 1985 dit,
914 1946 958 1976 ita
985 1950 1023 1976 ut
1049 1955 1125 1976 cum
1152 1943 1282 1976 ἐλάττω
1308 1946 1450 1987 iungen-

809 1990 962 2034 gendum
989 1991 1043 2022 sit.
1091 1991 1196 2031 Atqui
1230 1990 1357 2032 pendet
1389 2001 1447 2032 ge⁴

809 2037 938 2070 nitivus
974 2047 1015 2068 ex
1050 2035 1096 2067 εἷς
1122 2034 1250 2076 θεούς,
1284 2040 1452 2079 recteque

809 2084 917 2116 habet
956 2081 1092 2121 αὐτῶν,
1139 2092 1242 2123 quum
1286 2083 1328 2115 ad
1368 2081 1452 2119 τοὺς

809 2126 960 2165 πολλούς
985 2128 1168 2160 referatur.
1202 2128 1349 2161 Verbum
1366 2131 1450 2160 θεο-

808 2175 922 2207 πολεῖν
954 2173 1160 2206 Timaeus
1194 2174 1313 2206 Gloss.
1341 2175 1451 2206 inter-

809 2224 988 2264 pretatur:
1028 2222 1119 2251 θεῶν
1154 2218 1288 2257 εἰκόνας
1327 2221 1452 2261 ἔχοντα

807 2266 1008 2310 περιπολεῖν
1047 2261 1214 2308 α’ργῦριον
1249 2263 1451 2307 εἰςπρασσό-

808 2323 930 2356 μενον,
966 2311 1008 2344 ad
1036 2321 1137 2352 quem
1168 2321 1197 2343 v.
1225 2311 1448 2344 Ruhnken.

809 2370 840 2402 p.
869 2357 935 2392 141
963 2368 1014 2398 sq.
1070 2356 1246 2398 Scriptum
1281 2357 1329 2389 ibi
1366 2357 1450 2398 iegi-

809 2410 865 2437 tur
888 2403 1084 2443 θεητιολεῖν.
1134 2403 1186 2435 De
1210 2413 1277 2444 qua
1303 2404 1450 2445 scriptu-

808 2460 868 2484 rae
915 2448 1151 2490 discrepantia
1193 2458 1224 2480 v.
1264 2449 1450 2481 Lobeck.

809 2496 852 2529 ad
893 2493 1078 2536 Phrynich.
1117 2494 1261 2537 Parerg.
1299 2505 1330 2536 p.
1371 2495 1450 2530 652.

813 2541 1057 2582 Θεηηολεῖν
1097 2540 1198 2572 etiam
1243 2539 1449 2580 Photius,

810 2587 985 2626 Suidas,
1022 2586 1160 2627 Etym.
1186 2585 1323 2628 Magn.
1357 2586 1449 2629 apud

809 2634 992 2667 Platonem
1035 2633 1213 2673 iegerunt,
1264 2633 1362 2664 cuius
1401 2638 1450 2664 ta-

809 2688 887 2713 men
915 2677 1054 2711 codices
1085 2679 1212 2711 nulium
1243 2679 1317 2711 eius
1343 2678 1449 2712 vosti-

809 2726 902 2768 gium
929 2724 1096 2759 referunt.
