1781 2971
428 140 600 183 LIBRI
633 138 1021 183 DUODECIMI.
1315 140 1396 180 335

41 254 192 298 caudis
217 253 434 296 communi
463 252 593 295 saluti
618 253 899 308 prospiciant.
942 251 1074 305 Quod
1095 258 1145 294 ut
1167 251 1397 304 efficiatur,

41 312 310 354 accuratiore
356 325 459 352 sane
502 324 611 365 opus
653 316 719 351 est
760 309 993 365 disciplina
1033 317 1076 351 et
1106 309 1396 359 institutione,

41 384 126 424 qua
156 384 242 410 una
273 368 347 421 fit,
391 374 439 408 ut
468 366 512 407 in
556 380 728 420 quaque
758 381 802 407 re
837 374 881 407 et
911 366 1046 407 multa
1077 366 1399 422 perspiciantur

41 434 85 467 et
123 431 336 480 quatenus
377 423 526 465 eadem
567 423 624 464 sit
663 438 795 464 unum
840 423 1046 478 quiddam
1087 429 1395 478 cognoscatur.

40 481 243 538 Cogendi
284 481 418 537 igitur
457 480 586 521 etiam
619 479 791 521 divinae
821 487 997 521 nostrae
1028 480 1219 521 civitatis
1249 485 1396 520 custo-

40 539 117 581 des
158 545 283 590 sunt,
325 544 373 578 ut
409 536 585 578 virtutis
618 552 750 590 quum
780 537 990 577 unitatem
1020 544 1112 577 tum
1146 536 1397 576 varietatem

41 611 117 652 per
159 602 364 651 quattuor
413 593 506 634 eius
555 600 702 649 partes
743 591 943 634 diffusam
983 598 1185 634 accurate
1233 606 1397 648 cogno-

40 659 165 695 scant
202 667 252 694 ac
292 650 572 707 perspiciant.
652 650 862 693 Similiter
900 649 963 690 illi
1006 650 1135 691 etiam
1174 648 1314 703 pulcri
1355 653 1398 689 et

40 709 144 752 boni
184 717 405 760 naturam,
451 713 663 760 quatenus
705 721 835 747 unum
876 711 920 747 et
960 706 1096 746 multa
1145 706 1254 758 sint,
1297 719 1396 759 per-

40 772 234 821 spectam
267 765 426 805 habere
467 762 639 804 debent.
701 761 846 814 Quum
885 777 988 804 vero
1020 763 1083 803 illi
1113 761 1398 817 praestantis-

40 824 245 864 simarum
287 833 557 874 quarumque
600 833 742 860 rerum
774 819 1070 875 cognitionem
1101 818 1291 859 habeant
1322 832 1398 859 ne-

41 892 164 921 cesse
205 878 285 930 sit,
337 883 427 917 tum
467 875 680 930 imprimis
720 875 827 930 ipsis
868 874 1180 917 elaborandum
1221 880 1310 927 est,
1351 879 1400 915 ut

41 935 220 977 deorum
252 948 301 974 ac
332 948 477 974 rerum
510 932 753 973 divinarum
798 932 1068 974 subtiliorem
1100 931 1400 986 adipiscantur

41 991 386 1048 intelligentiam.
466 989 580 1030 Nam
621 989 776 1030 ceteris
814 989 988 1043 quidem
1030 988 1198 1030 civibus
1245 988 1401 1042 utique

42 1049 170 1090 venia
210 1046 355 1088 danda
396 1051 475 1098 est,
521 1046 559 1086 si
596 1045 706 1086 nihil
746 1045 864 1086 aliud
907 1046 952 1087 in
986 1060 1036 1087 ea
1066 1060 1112 1086 re
1141 1044 1226 1086 nisi
1254 1045 1400 1100 legum

42 1113 286 1160 sequuntur
324 1102 653 1153 auctoritatem3
701 1101 778 1144 sed
811 1103 885 1157 qui
926 1102 1092 1144 civitati
1134 1107 1235 1143 sunt
1274 1116 1400 1156 prae-

42 1163 168 1215 fecti,
211 1161 241 1202 ii
272 1160 471 1202 hausisse
503 1174 606 1200 sane
638 1159 800 1201 debent
829 1160 1025 1201 altiorem
1057 1174 1200 1200 rerum
1233 1157 1401 1199 divina-

43 1235 135 1261 rum
158 1217 374 1269 notitiam,
407 1216 674 1269 deorumque
708 1216 991 1257 reverentiam
1013 1231 1105 1257 eam
1128 1215 1255 1268 tueri,
1289 1228 1398 1268 quae

42 1276 110 1317 vel
142 1290 194 1316 ex
233 1274 458 1316 subtiliore
501 1272 632 1313 animi
663 1272 914 1328 cognitione
946 1273 1014 1314 vel
1047 1288 1099 1313 ex
1132 1272 1399 1313 accuratiore

44 1332 297 1374 coelestium
338 1345 566 1385 corporum
609 1329 913 1370 observatione
945 1329 1260 1385 proficiscatur.
1320 1328 1401 1369 Ni-

44 1390 196 1430 mirum
222 1403 364 1429 rerum
396 1386 648 1427 coelestium
679 1386 863 1427 scientia
894 1392 937 1427 et
955 1386 1148 1442 cognitio
1179 1384 1401 1426 luculente

43 1446 236 1502 profecto
281 1444 432 1494 docet,
465 1449 651 1484 mentem
682 1443 726 1483 in
756 1443 883 1484 astris
914 1442 1180 1484 habitantem
1211 1442 1402 1483 omnium

44 1518 185 1544 rerum
234 1516 328 1543 esse
372 1513 593 1552 caussam,
634 1498 822 1553 ideoque
860 1499 1026 1541 animos
1077 1498 1299 1540 hominum
1347 1498 1401 1539 ab

46 1559 266 1614 impietate
307 1556 492 1598 maxime
533 1563 700 1597 avocat.
769 1555 842 1597 Ad
885 1555 991 1597 haec
1034 1571 1136 1597 vero
1167 1555 1298 1596 etiam
1329 1569 1401 1596 ac-

46 1615 257 1657 cesserint
295 1628 472 1655 necesse
511 1619 579 1653 est
616 1612 808 1667 reliquae
856 1612 1139 1667 disciplinae7
1190 1611 1402 1666 imprimis

46 1672 234 1724 musica,
280 1670 438 1725 quibus
480 1669 681 1711 omnibus
724 1669 932 1710 utendum
976 1675 1042 1711 est
1082 1668 1137 1710 ad
1179 1683 1319 1709 mores
1360 1673 1404 1709 et

44 1729 245 1770 instituta
284 1726 471 1770 civitatis
512 1725 807 1767 emendandos
848 1733 978 1781 atque
1023 1724 1306 1781 corrigendos
1339 1725 1401 1780 (p.

47 1787 142 1828 961.
183 1785 236 1826 Β.
269 1808 318 1815 -
351 1784 446 1824 968.
480 1783 571 1836 A.).
604 1806 658 1812 —-
718 1782 874 1836 Itaque
906 1783 1114 1824 convenit
1154 1784 1267 1823 inter
1308 1795 1404 1834 noS‚

48 1849 303 1883 nocturnum
335 1840 455 1881 illum
497 1845 758 1881 conventum
792 1839 1144 1881 constituendum
1178 1853 1295 1891 esse,
1330 1838 1406 1892 qui

48 1909 254 1952 tanquam
302 1895 627 1938 conservandae
679 1896 870 1937 civitatis
919 1903 1094 1938 nostrae
1136 1901 1288 1937 auctor
1349 1894 1408 1936 sit

49 1962 178 2008 atque
222 1960 449 2009 patronus,
491 1966 674 2005 eumque
716 1953 854 1994 omnis
902 1952 1125 1994 doctrinae
1156 1959 1199 1992 et
1228 1950 1405 1992 institu-

47 2012 200 2064 tionis,
243 2010 296 2051 de
327 2024 414 2064 qua
445 2009 746 2062 exposuimu5‚
779 2010 1036 2064 participem
1065 2009 1158 2050 fieri
1190 2014 1404 2063 oportere.

50 2069 119 2110 De
150 2067 272 2110 cuius
303 2071 518 2122 potestate
550 2079 825 2119 quamquam,
858 2066 1111 2121 priusquam
1142 2065 1274 2106 fuerit
1304 2079 1406 2106 con-

50 2125 255 2177 stitutus,
297 2122 489 2165 nondum
518 2121 620 2163 licet
649 2122 844 2177 publicas
874 2123 994 2178 leges
1026 2122 1231 2175 scribere,
1261 2127 1407 2162 tamen

51 2182 132 2223 iam
174 2195 290 2222 nunc
329 2179 491 2236 poterit
531 2178 613 2219 hoc
656 2179 809 2220 saltem
862 2179 1060 2233 definiri,
1103 2194 1188 2234 qua
1237 2178 1407 2219 ratione

50 2253 118 2280 res
147 2238 353 2283 universa
381 2234 650 2277 instituenda
681 2236 750 2277 sit.
812 2236 1004 2278 Primum
1025 2237 1158 2292 igitur
1179 2234 1406 2290 eligendus

51 2295 133 2336 erit
171 2294 353 2335 idoneus
395 2307 600 2333 numerus
633 2307 806 2345 eorum,
839 2293 914 2347 qui
945 2299 1109 2345 aetate,
1143 2291 1405 2344 eruditione,

50 2351 242 2392 moribus
273 2355 317 2390 et
344 2349 529 2405 ingeniis
561 2348 616 2389 ad
647 2349 881 2404 gerendam
921 2348 1133 2390 eiusmodi
1164 2347 1407 2390 custodiam

50 2414 223 2464 praeter
247 2411 412 2447 ceteros
443 2404 590 2446 idonei
621 2406 722 2449 sint.
774 2406 946 2447 Deinde
979 2405 1155 2448 eosdem
1173 2404 1271 2446 illos
1290 2403 1407 2445 omni

51 2464 250 2506 doctrina
268 2468 312 2504 et
340 2461 607 2502 humanitate
639 2462 823 2504 maxime
854 2463 1050 2505 excultos
1072 2477 1165 2504 esse
1185 2461 1408 2509 volumus;

52 2535 313 2576 quamquam
343 2533 459 2560 nunc
489 2517 680 2559 nondum
713 2518 942 2561 diiudicari
975 2525 1142 2574 potest,
1177 2532 1406 2572 quaenam,

54 2576 228 2632 quando
270 2585 312 2617 et
354 2574 559 2630 quamdiu
601 2574 768 2617 discere
799 2575 1008 2627 debeant3
1055 2575 1138 2631 ipsi
1179 2575 1293 2616 enim
1324 2575 1408 2616 hoc

53 2641 146 2676 tum
193 2633 364 2675 demum
406 2631 621 2685 sentient,
665 2647 796 2686 quum
834 2633 976 2675 animo
1019 2647 1099 2674 suo
1151 2630 1407 2687 disciplinae

55 2691 348 2747 cognitionem
398 2687 818 2744 comprehenderint.
885 2690 978 2732 Iam
1027 2704 1130 2732 vero
1172 2688 1253 2731 ubi
1287 2694 1407 2730 ortus
