1781 2971
261 153 344 197 390
812 143 1182 187 PLATONIS

265 271 522 320 λευομένων,
564 263 642 306 ἐάν
677 279 720 305 τε
756 264 836 305 τοῦ
875 260 1118 316 τιμήματος
1159 260 1268 305 ὅλου
1315 264 1430 313 μέρει
1467 257 1545 300 ἐάν
1581 272 1623 298 τε

269 335 346 384 τῆς
384 335 620 386 γενομένης
655 327 715 372 ἐπ’
758 327 962 372 ἐνιαυτὸν
999 327 1204 371 ἑκάστοτε
1227 324 1458 380 προςόδυυ,
1494 327 1627 380 χωρὶς

268 401 355 441 τῶν
393 403 452 448 εἰς
488 397 542 440 τὰ
579 398 774 449 ξυσσίτια
813 398 1095 448 τελουμένων.

1160 396 1307 437 Θεοῒσι
1355 396 1399 435 δὲ
1444 392 1533 434 ἀνα
1542 393 1628 441 θή-

267 482 388 520 ματα
428 462 568 520 χρεών
608 467 798 519 ἔμμετρα
835 460 914 504 τὸν
954 467 1133 515 μέτριον
1163 460 1308 514 ἄνδρα
1349 459 1628 502 ἀνατιθέντα

274 533 532 586 δωρεῖσθαι.
563 532 616 584 γῆ
658 532 737 583 μὲν
774 522 854 571 οὖν
896 531 1014 570 ἑστία
1050 545 1094 570 τε
1142 527 1346 577 οἰκήσεως
1380 524 1474 582 ἱερὰ
1524 528 1631 568 πᾶσι

274 597 457 640 πάντων
495 599 642 639 θεῶν·
680 597 828 649 μηδεὶς
864 589 945 637 οὖν
979 597 1185 649 δευτέρως
1216 593 1309 648 ἱερὰ
1347 591 1630 647 καθιερούτω
1690 614 1707 621 f

276 666 416 714 θεοῖς.
449 661 612 721 χρυσὸς
647 665 689 705 δὲ
726 664 798 704 καὶ
833 660 1027 717 ἄργυρος
1061 666 1107 704 ἐν
1142 659 1299 710 ἄλλαις
1329 659 1507 702 πόλεσιν
1542 661 1632 714 ἰδίᾳ

164 735 246 777 956
277 747 321 774 τε
358 733 430 773 καὶ
466 736 512 773 ἐν
558 734 691 786 ἱεροῖς
732 734 850 771 ἐστιν
887 729 1147 785 ἐπίφθονον
1183 729 1350 781 κτῆμα,
1395 729 1551 782 ἐλέφας
1587 728 1630 768 δὲ

272 795 628 846 ἀπολελοιπότος
657 793 807 854 ψυχὴν
844 793 1048 850 σώματος
1077 793 1156 838 οὐκ
1186 793 1354 851 εὐχερὲς
1389 792 1630 845 ἀνάθημα,

367 928 406 960 Ε.
434 927 507 960 ἐάν
534 940 577 959 τε
604 931 678 959 τοῦ
706 926 976 968 τιμήματος]
1001 938 1036 958 τε
1064 937 1131 958 om.
1158 927 1200 958 A.
1228 931 1262 958 et
1287 937 1337 968 pr.
1365 927 1412 961 Ω.
1456 928 1543 958 Ante
1568 926 1633 957 τοῦ
1680 955 1692 965 ,

273 973 365 1015 quod
392 976 494 1015 vulgo
521 974 737 1005 interiectum
765 979 818 1005 est
842 974 900 1015 τῷ,
925 974 1090 1004 omittunt
1112 972 1194 1003 illud
1223 972 1299 1005 A.t'.
1327 978 1361 1005 et
1383 983 1432 1015 pr.
1459 973 1506 1004 Ω.
1527 973 1632 1005 etiam

275 1019 450 1059 Bekkero‚
480 1019 690 1058 Hermanno,
718 1019 929 1050 Selmeimro
956 1018 1238 1050 assentientibus.

365 1068 413 1106 νῆ’
448 1067 522 1107 μὲν
560 1059 637 1096 οὖν
662 1063 807 1107 ἑστία]
843 1062 941 1096 Α.Ω.
975 1068 1010 1096 et
1042 1065 1147 1096 Voss.
1174 1074 1207 1095 x.
1234 1064 1276 1104 τῇ
1300 1067 1358 1106 μὲν
1383 1059 1446 1097 οὖν
1467 1063 1561 1105 ἑστίᾳ
1587 1074 1632 1103 τε,

273 1155 363 1189 conf.
388 1161 504 1189 tamen
531 1156 632 1189 etiam
661 1155 702 1188 ad
725 1155 855 1188 Criton.
881 1165 913 1198 p.

271 1202 328 1236 53.
360 1202 399 1234 D.
428 1202 482 1234 ed.
509 1203 540 1237 3.

319 1248 357 1280 Ε.
416 1248 572 1280 &fotor
608 1248 651 1280 δὲ
685 1244 914 1288 ἀναθήμα-

271 1307 323 1326 τα
360 1294 425 1335 -]
466 1294 577 1326 Vertit
612 1295 725 1326 locum
761 1292 916 1325 Cicero

272 1340 323 1372 De
347 1339 438 1381 legg.
466 1340 515 1372 11.
543 1339 596 1374 18.
625 1338 734 1380 Agri
761 1343 918 1376 autem,

272 1384 402 1426 inquit,
458 1395 506 1418 ne
567 1389 920 1419 consecrentur,

273 1431 445 1463 Platoni
465 1440 648 1472 prorsus
672 1431 916 1462 assentior:

272 1477 362 1519 qui,
396 1477 430 1507 si
467 1476 592 1508 modo
625 1475 915 1517 interpretari

274 1527 478 1564 potuero,
505 1522 572 1554 his
599 1520 915 1556 verbisutitur,

274 1569 411 1600 Terra
436 1569 591 1609 igitur,
625 1573 667 1599 ut
693 1570 815 1600 loeus
843 1566 913 1597 do-

273 1615 553 1650 miciliorum,
584 1623 711 1645 sacra
740 1613 915 1644 deorum

272 1660 456 1692 omnium
492 1663 565 1690 est.
595 1658 838 1692 Quocirca
866 1667 917 1688 ne

271 1706 366 1747 quis
413 1705 521 1737 idem
569 1704 722 1737 iterum
771 1713 918 1735 conse-

272 1755 406 1783 erato.
435 1754 589 1783 Aurum
624 1754 763 1781 autem
791 1753 835 1780 et
860 1758 917 1780 ar-

272 1801 445 1838 gentum
490 1797 528 1828 in
555 1795 728 1827 urbibus
760 1799 802 1827 et
835 1794 917 1834 pri-

274 1844 402 1875 vatim
432 1845 472 1875 et
501 1841 537 1873 in
563 1840 675 1873 fanis
703 1840 916 1873 invidiosa

274 1899 341 1921 res
368 1893 445 1921 est.
472 1885 572 1919 Turn
603 1887 706 1918 ebur
725 1896 772 1918 ex
799 1886 915 1918 inani

273 1944 459 1975 corpore
505 1937 762 1969 extractum,
811 1930 916 1964 haud

271 1980 378 2013 satis
421 1984 583 2012 castum
622 1977 774 2010 donum
825 1978 914 2010 deo.

272 2025 356 2058 lam
385 2036 454 2059 aes
479 2031 605 2065 atque
637 2024 812 2064 ferrum,
847 2023 912 2054 dn-

271 2072 345 2103 elli
372 2072 675 2108 instrumenta‚
703 2079 781 2101 non
812 2069 913 2101 sani.

272 2117 475 2154 Ligneum
521 2120 661 2148 autem
713 2115 913 2156 quodque

271 2163 484 2201 voluerit,
522 2172 600 2194 nno
635 2171 653 2192 e
691 2161 808 2200 ligno
844 2160 910 2191 de-

270 2208 438 2247 ‹licnt03
474 2208 668 2248 itemque
693 2206 908 2247 lapideum

271 2255 305 2285 in
351 2253 546 2287 delubris
594 2252 907 2285 communibus.

269 2299 504 2333 Textilene
527 2299 909 2341 operosius,qnam

271 2346 496 2377 mulieris
522 2354 642 2387 opus
679 2348 912 2377 menstru-

269 2401 346 2423 um.
398 2391 545 2424 Color
581 2396 737 2424 antem
776 2390 914 2422 albus

268 2437 535 2477 praecipue
584 2436 793 2469 decorus
829 2434 914 2466 deo

268 2486 365 2520 est,
393 2492 492 2514 cum
521 2483 561 2514 in
589 2484 800 2520 ceteris,
833 2485 910 2512 tum

267 2528 471 2558 maxime
505 2528 545 2559 in
575 2527 742 2560 textili:
776 2527 913 2558 tincta

269 2582 373 2603 vero
409 2573 574 2611 absint;
613 2574 696 2605 nisi
734 2583 752 2604 n
789 2573 911 2604 belli-

266 2618 328 2648 cis
369 2617 623 2658 insignibus.
678 2619 913 2650 Divinissi-

265 2672 327 2694 ma
375 2667 517 2695 autem
567 2664 676 2696 dona
722 2673 825 2696 aves
872 2667 914 2696 et

264 2707 402 2742 forma
482 2709 530 2741 ab
602 2720 683 2742 uno
743 2709 914 2752 pictore

983 1166 1065 1187 uno
1098 1156 1336 1189 absolutae
1371 1154 1456 1187 die.
1505 1155 1632 1187 Item-

984 1211 1075 1243 que
1124 1205 1292 1234 cetera
1324 1201 1469 1233 huius
1495 1210 1631 1233 exem-

985 1248 1043 1289 pli
1079 1247 1189 1280 dona
1229 1252 1366 1278 sunto.
1416 1247 1632 1279 “Praeterea

987 1295 1091 1326 verba
1137 1293 1448 1333 transscripserunt
1500 1292 1632 1324 Euse-

988 1341 1083 1372 bius
1122 1339 1246 1379 Praep.
1284 1338 1414 1379 Evang.
1447 1338 1515 1369 111.
1540 1338 1573 1372 8.
1600 1347 1631 1379 p.

988 1386 1043 1420 99.
1088 1386 1127 1418 Ι).
1152 1393 1196 1415 =
1230 1384 1302 1415 Vol.
1338 1383 1361 1418 l.
1397 1395 1428 1425 p.
1464 1383 1543 1418 214.
1579 1383 1632 1416 ed.

988 1430 1166 1464 Gaisford.
1187 1429 1456 1462 Theodoret.
1472 1429 1553 1462 Cur.
1575 1429 1630 1461 Af-

985 1479 1065 1511 fect.
1093 1477 1154 1508 Gr.
1183 1487 1214 1516 p.
1242 1475 1297 1509 49.
1317 1486 1365 1515 sq.
1388 1474 1442 1507 ed.
1470 1475 1566 1516 Sylb.
1590 1485 1634 1506 =

986 1535 1019 1567 p.
1052 1522 1129 1557 137.
1170 1521 1223 1553 ed.
1261 1520 1370 1552 Gaisf.
1411 1520 1633 1554 Clemens

988 1569 1181 1603 ALStronv.
1206 1567 1242 1598 V.
1258 1567 1311 1600 11.
1335 1577 1365 1608 p.
1383 1565 1461 1600 584.
1476 1567 1514 1598 Ι).
1529 1567 1631 1599 Tom.

985 1616 1034 1650 11.
1060 1626 1092 1657 p.
1113 1613 1191 1648 692.
1217 1613 1270 1646 ed.
1299 1613 1432 1644 Potter.
1463 1613 1632 1654 Apulei.

986 1663 1139 1703 Apolog.
1169 1670 1200 1700 p.
1229 1659 1307 1694 316.
1340 1657 1394 1691 ed.
1420 1658 1578 1690 Elmenli.

1031 1706 1154 1738 ἑστία
1181 1717 1221 1736 τε
1248 1703 1476 1744 οἰκήσεως]
1505 1708 1547 1736 et
1572 1703 1633 1735 fo-

989 1763 1066 1785 cns
1107 1750 1342 1783 domicilii.
1395 1747 1507 1782 Quem
1539 1748 1633 1789 quod

988 1809 1053 1830 non
1080 1798 1237 1839 privatim
1273 1804 1411 1837 qnoque
1437 1794 1633 1827 consecrari

988 1846 1070 1884 vult,
1097 1843 1290 1875 meminisse
1314 1840 1442 1872 iuvabit
1466 1841 1531 1873 loci
1556 1841 1634 1872 libri

987 1890 1034 1921 X.
1062 1901 1093 1931 p.
1110 1889 1189 1923 909.
1211 1887 1295 1920 DE.
1326 1887 1381 1918 ubi
1409 1887 1553 1927 prii-atis
1576 1896 1631 1917 aa·

987 1937 1055 1967 cris
1082 1944 1226 1977 prorsus
1253 1932 1478 1965 interdicitur.
1531 1933 1632 1965 Cete-

986 1992 1060 2014 rum
1090 1983 1180 2013 ἐστίν
1203 1977 1475 2020 intelligendum,
1500 1988 1562 2010 nec
1577 1988 1632 2009 ve-

986 2039 1023 2059 ro
1050 2037 1127 2059 curn
1155 2025 1320 2058 Rntliio
1354 2022 1396 2055 ad
1427 2025 1528 2056 Cicer
1555 2024 1573 2055 l.
1602 2033 1630 2054 c.

983 2074 1068 2104 ἔστω
1099 2071 1350 2104 inculcandum.
1418 2069 1491 2102 Nec
1525 2069 1632 2110 magis

982 2117 1237 2151 sollicitandum
1250 2122 1302 2150 est
1313 2119 1404 2147 πᾶσι.
1417 2114 1507 2156 quod
1522 2113 1584 2146 We
1595 2125 1632 2156 g-

982 2175 1113 2196 nerus
1150 2163 1316 2204 probante
1342 2161 1563 2193 Go'renzio
1601 2172 1634 2201 p.

980 2210 1058 2244 173.
1098 2211 1129 2241 in
1165 2209 1257 2239 πιῐσα
1283 2211 1444 2239 mutatum
1471 2207 1542 2238 ivit.
1571 2206 1629 2238 Ni-

982 2257 1104 2288 mirum
1127 2254 1219 2286 istud
1235 2253 1372 2295 quidem
1393 2253 1534 2294 e'rregie
1561 2254 1629 2285 lan-

982 2306 1115 2344 gneret

1029 2344 1181 2388 μνδεὶς
1218 2355 1295 2375 ουν
1328 2343 1544 2387 δειτέρωε
1573 2345 1631 2376 ἱε-

983 2391 1030 2435 ρὰ
1059 2390 1185 2431 καθ’.]
1224 2389 1489 2422 Theodorei.
1518 2389 1630 2432 ἕτερος

985 2448 1046 2480 pro
1075 2437 1254 2477 δευτέρως,
1280 2435 1348 2468 Sed
1370 2435 1436 2466 hoc
1456 2441 1526 2467 est:
1550 2437 1628 2468 ite-

984 2494 1088 2523 rum,
1117 2492 1219 2523 quum
1248 2483 1311 2513 iam
1341 2491 1400 2522 per
1426 2491 1464 2512 se
1489 2482 1629 2514 omnino

984 2531 1052 2561 sint
1080 2509 1148 2561 ’diis
1186 2531 1400 2560 consecrata.
1440 2544 1483 2550 —
1520 2526 1629 2569 ιεροὲ,

984 2577 1006 2607 i.
1033 2585 1062 2606 e.
1088 2587 1131 2611 ως
1155 2572 1241 2615 ἱεραί.
1293 2573 1382 2605 Dein
1424 2571 1627 2605 Theodo-

984 2625 1061 2652 ret.
1092 2618 1225 2661 χρυσός
1259 2629 1305 2649 τε
1339 2617 1391 2649 καὶ
1418 2615 1562 2661 ἄργυρος
1595 2619 1628 2650 ὲ,

983 2665 1100 2701 ἄλλαις
1128 2678 1142 2696 τ
1157 2676 1172 2696 e
1197 2663 1334 2696 πόλεσιν
1357 2664 1425 2704 ἰδίᾳ
1449 2662 1502 2695 καὶ
1525 2664 1559 2695 ἐν
1577 2665 1626 2696 ἱε-

984 2715 1058 2756 ροῖς
1092 2710 1163 2742 κτλ.
1208 2709 1361 2742 ΕιιιεΙ).
1396 2710 1533 2743 inverso
1569 2720 1627 2743 or-
