1781 2971
431 148 816 192 EPINOMIS.
860 149 907 190 P.
943 150 1036 190 989.
1071 147 1136 191 St.
1372 150 1451 190 527

107 283 222 311 σεσιν
258 267 309 310 οὐ
348 274 516 321 γέγονε,
554 270 749 312 λεκτέον.
797 265 977 321 ἄρισται
1018 266 1055 309 δ’
1099 269 1204 309 εἰσὶν
1239 270 1284 309 αι’
1325 269 1453 322 χαλε-

105 333 288 377 πώτατα
330 337 410 390 μὲν
458 334 517 376 ἂν
551 335 801 390 γενόμεναι,
849 340 1052 388 μέγιστον
1088 337 1131 376 δὲ
1167 332 1347 390 ὄφελος7
1395 334 1454 375 ἂν

104 406 360 455 γίγνωνται·
401 401 454 444 τά
493 419 535 444 τε
569 401 655 457 γαρ
691 405 769 453 τῆς
801 404 1010 456 βραδείας
1044 417 1086 443 τε
1114 406 1183 444 και
1216 403 1294 454 τῆς
1328 406 1454 443 ἐναν-

105 474 201 519 τίας
235 469 402 527 φύσεως
448 474 629 524 μετρίως
675 469 976 524 ἀποδεχομένη
1014 467 1134 523 ψυχὴ
1183 471 1257 511 καὶ
1305 467 1455 523 πράως

103 535 284 587 εὔκολος
317 534 376 579 οἳν
413 536 489 587 εἴη,
526 536 607 588 τήν
644 554 688 579 τε
726 536 935 593 ἀνδρείαν
970 535 1188 589 ἀγαμὲνη,
1233 538 1304 578 καὶ
1342 534 1454 590 πρὸς

105 602 152 646 τὸ
191 612 435 662 σωφρονεῖν
473 603 702 656 εὐπειθής,
739 607 811 646 καὶ
848 603 896 646 τό
934 620 979 656 γε
1014 608 1233 657 μέγιστον,
1269 607 1315 645 ὲν
1347 604 1452 645 ταύ-

106 689 199 721 ταις
244 680 338 720 ταῖς
382 675 536 729 φύσεσι
579 673 796 726 δυναμένη
844 670 1103 724 μανθάνειν
1148 672 1219 712 καὶ
1268 670 1450 725 μνήμων

105 732 218 782 οὖσα
269 732 314 781 εὖ
359 739 479 794 μα’λα
520 743 690 793 χαίρειν
744 739 920 787 τούτοις
963 736 1118 786 αὐτοῖς
1169 736 1331 779 δύναιτ’
1381 737 1452 788 ἄν,

102 805 368 862 φιλομαθὴς
415 804 507 854 ὥςτ’
556 805 681 848 εἶναι.
733 808 873 848 ταῦτα
912 804 997 858 γάρ
1045 803 1146 846 οὔτε
1181 801 1314 860 ῥᾴδια
1350 804 1453 862 φύε-

103 875 239 921 σθαι,
275 872 490 927 γενόμενά
527 889 571 914 τε
603 875 674 915 καὶ
708 873 874 930 τροφῆς
910 874 980 913 καὶ
1016 873 1215 920 παιδείας
1251 869 1453 927 τυχόντα,

104 934 151 991 ἧς
189 942 264 989 δεῖ,
313 939 419 990 τοὺς
464 941 691 989 πλείστους
735 939 884 982 αὐτῶν
931 940 1002 980 καὶ
1048 942 1219 994 χείρους
1258 944 1452 994 κατέχειν

101 1005 341 1061 ὀρθότατα
388 1005 551 1049 δύναιτ’
593 1006 650 1049 ἂν
686 1008 746 1061 τῷ
794 1014 977 1065 φρονεῖν
1013 1009 1084 1048 καὶ
1132 1006 1342 1061 πράττειν
1379 1011 1450 1050 καὶ

100 1077 237 1128 λέγειν
274 1077 369 1130 περὶ
407 1072 548 1124 θεοὺς
586 1078 758 1125 ἕκαστα,
795 1073 850 1123 ὡς
879 1076 942 1116 δεῖ
970 1089 1012 1115 τε
1040 1075 1111 1115 καὶ
1139 1070 1213 1116 ὅτε
1239 1075 1313 1124 δεῖ,
1353 1078 1451 1128 περὶ

102 1143 267 1190 θυσίας
312 1158 354 1183 τε
389 1144 460 1184 καὶ
507 1141 776 1196 καθαρμοὺς
826 1143 911 1183 τῶν
948 1142 1044 1195 περὶ
1094 1138 1197 1190 τοὺς
1234 1142 1373 1192 θεούς
1406 1158 1450 1184 τε

193 1292 287 1334 ὑμῖν
319 1293 450 1338 αὐτὴν
487 1293 575 1338 ἀνι]
610 1296 668 1329 Sic
692 1298 736 1329 A.
766 1294 802 1327 Ω.
832 1307 864 1330 x.
890 1306 922 1329 a.
951 1295 979 1328 δ.
1007 1307 1037 1327 ο.
1066 1297 1181 1337 Vulgo
1218 1293 1325 1338 αὐτὴν
1358 1294 1448 1336 ὑμῖν.

102 1342 188 1373 Mox
215 1343 313 1374 Voss.
341 1339 388 1373 ὥς
414 1341 454 1373 ὅν
481 1353 529 1375 τις
554 1354 616 1384 p10
643 1340 689 1374 ds
715 1341 798 1383 ἄρτι.

191 1388 231 1419 B.
283 1389 381 1420 ποτὲ
413 1390 566 1431 πειθῃ]
596 1389 723 1430 πεισθῇ
753 1391 797 1421 A.
828 1386 865 1420 Ω.
898 1388 995 1421 loss.
1022 1399 1053 1420 a.
1082 1399 1109 1420 e.
1137 1399 1167 1420 ο.
1194 1389 1286 1433 Dein
1315 1388 1356 1424 Z.
1378 1393 1449 1422 ταῖς

101 1430 306 1474 efioesssaeffazs

192 1480 231 1511 C.
282 1478 445 1513 δυ’ναιτ’
473 1479 544 1522 ἄν]
574 1477 728 1513 δύναιντ’
755 1477 796 1511 ἄν
823 1483 866 1511 Α.

194 1528 286 1566 περὶ
320 1526 418 1559 τοὺς
449 1527 611 1569 θεούς]
652 1527 749 1568 Vulg.
787 1527 860 1566 περὶ
892 1523 1005 1557 θεούς
1038 1536 1080 1557 ex
1113 1525 1193 1558 Par.
1230 1530 1268 1558 Α.
1299 1527 1373 1560 Vat.
1406 1526 1444 1559 Ω.

101 1573 158 1613 qui
186 1573 309 1605 Bastio
335 1579 423 1606 teste
447 1575 582 1606 addunt
607 1574 804 1612 articulum,
831 1579 864 1604 et
882 1571 923 1603 Z.
942 1583 975 1603 x.
1005 1582 1031 1603 r.
1047 1583 1078 1605 a.
1096 1583 1125 1604 c.
1141 1571 1169 1603 δ.
1190 1578 1359 1606 mutatum
1382 1579 1444 1606 est.

100 1685 187 1717 Mox
204 1687 337 1717 ’τοῦτο
352 1683 385 1717 δ’
405 1692 458 1719 est
483 1685 524 1718 τὸ
541 1688 654 1728 μεῖζον
681 1687 740 1728 τῆς

100 1728 231 1772 ἀρετῆς,
257 1733 280 1764 i.
308 1743 336 1764 e.
366 1730 402 1764 τὸ
429 1733 488 1774 τῆς
511 1729 700 1774 εὐσεβείας

144 1777 351 1819 μέγιστον
383 1777 426 1810 δὲ
463 1777 644 1822 ὄφελος]
680 1779 736 1811 Sc.

100 1822 296 1877 γιγνόμεναι
322 1836 348 1857 s.
378 1820 490 1856 οὖσαι.
540 1825 677 1867 Quippe
703 1838 734 1864 μ.

101 1867 229 1908 ὄφελος
254 1872 276 1904 i.
304 1882 336 1912 q.
365 1868 626 1911 ὠφελιμωταται.

145 1914 190 1947 τά
225 1927 265 1947 τε
306 1915 381 1958 γὰρ
421 1927 492 1958 της
530 1916 737 1958 βραδείας

100 1962 160 2005 —J
194 1962 285 1994 Usus
317 1968 372 1994 est
409 1963 538 2015 placito
577 1964 736 1995 Platonis

99 2007 142 2038 de
176 2008 326 2049 ingeniis
363 2010 490 2041 civium
529 2009 737 2041 fortitudine

98 2059 132 2084 et
164 2056 397 2096 temperantia
433 2055 645 2095 formandis,
679 2065 737 2086 ex-

98 2100 215 2140 posito
247 2102 308 2132 illo
334 2102 502 2142 imprimis
527 2103 562 2132 in
597 2102 735 2133 Politia.

98 2156 131 2186 p.
157 2145 236 2180 305.
253 2147 430 2181 D—308.
459 2150 502 2178 A.
531 2149 681 2190 itemque
700 2148 736 2178 in

99 2191 208 2234 chg.
234 2193 331 2226 Libr.
360 2194 383 2225 l.
411 2198 445 2226 et
471 2194 511 2226 ll.

145 2237 188 2269 ἐν
228 2237 403 2271 ταύταις
444 2242 538 2271 ταῖς
575 2237 735 2279 φύσεσι

100 2282 130 2316 δ.
160 2283 218 2326 μ.]
246 2286 289 2317 in
314 2286 381 2317 his
416 2292 596 2318 naturae
623 2285 733 2326 (βρα-

99 2327 191 2361 δείας
217 2331 271 2361 καὶ
296 2329 469 2372 ἐναντίας)
495 2332 674 2364 dotibus
700 2332 734 2365 h.

99 2385 128 2407 e.
149 2375 204 2407 his
225 2381 371 2409 naturae
390 2378 530 2410 dotibus
555 2380 735 2417 instructa,

98 2422 151 2453 im
178 2422 331 2454 Besitz
358 2424 501 2455 dieser
526 2424 736 2465 Naturga-

99 2468 192 2501 ben.
242 2467 345 2506 Quod
380 2470 542 2502 cohaeret
572 2481 648 2502 eum
677 2469 734 2501 δυ-

99 2513 224 2555 ναμένη
249 2513 441 2553 μανθάνειν
454 2526 482 2546 κ.
501 2527 527 2547 τ.
549 2517 575 2548 λ.
608 2516 735 2555 Quam·

100 2570 202 2601 quam
235 2561 337 2592 aliter
368 2566 551 2593 senserunt
582 2564 734 2595 Astius

101 2610 134 2636 et
175 2605 476 2639 Schneiderus
533 2609 591 2650 qui
641 2618 733 2640 com-

99 2661 155 2683 ma
184 2658 265 2693 post
298 2657 370 2685 ταῖς
402 2652 529 2693 φύσεσι
569 2664 733 2695 posuere,

100 2698 352 2741 coniungentes
394 2700 499 2732 verba
537 2698 575 2731 τό
606 2711 644 2741 γε
677 2700 732 2739 με’-

100 2753 217 2784 γιστον
250 2743 286 2777 ἐν
322 2743 458 2779 ταύταις
490 2749 560 2778 ταῖς
594 2744 729 2785 φύσεσι.

807 1705 851 1709 -
875 1687 1042 1727 χαίρειν
1078 1684 1250 1717 τούτοις
1277 1682 1444 1724 αὐτοῖς,

806 1733 860 1764 his
895 1733 1001 1773 ipsis,
1041 1742 1130 1773 quae
1163 1733 1208 1763 ad
1239 1732 1443 1764 discendum

805 1784 976 1820 spectant,
1001 1778 1181 1817 oblectari,
1208 1779 1257 1810 ita
1283 1783 1320 1809 ut
1339 1780 1444 1811 etiam

805 1825 962 1856 discendi
989 1825 1105 1856 studio
1127 1829 1161 1855 et
1175 1834 1295 1856 amore
1309 1827 1442 1857 ardeat.

803 1872 901 1902 Inest
939 1872 974 1902 in
1019 1871 1074 1902 his
1120 1870 1236 1902 verbis
1285 1873 1446 1912 speciosa

804 1917 974 1957 quaedam
1000 1917 1250 1955 redundantia,
1287 1919 1444 1958 quando-

805 1964 942 2003 quidem
984 1963 1197 2001 geminatum
1233 1968 1302 1993 est:
1339 1962 1443 1995 δυνα-

804 2008 885 2050 μένη
910 2005 1098 2046 μανθάνειν
1113 2025 1153 2029 -
1168 2009 1295 2049 χαίρειν
1316 2005 1445 2040 δύναιτ’

806 2051 863 2086 ἂνξ
911 2054 1004 2094 quod
1040 2055 1215 2095 permovit
1250 2054 1442 2096 Astium,

805 2106 843 2131 ut
867 2100 981 2131 locum
1008 2110 1076 2131 non
1105 2100 1277 2132 sincerum
1293 2111 1369 2133 esse
1388 2112 1444 2133 ar-

805 2147 1004 2178 bitraretur.
1061 2145 1175 2177 Nobis
1208 2156 1292 2178 vero
1326 2149 1446 2180 omnia

806 2198 900 2225 sarta
924 2197 1015 2224 tecta
1038 2192 1204 2224 videntur
1228 2203 1315 2227 esse.

851 2238 891 2271 C.
924 2235 1027 2270 τοὺς
1051 2238 1279 2270 πλείστους
1304 2236 1442 2270 αὐτῶν

807 2285 872 2315 καὶ
914 2284 1111 2326 χείρους]
1169 2285 1286 2317 Verba
1321 2296 1442 2318 rursus

805 2336 934 2362 temere
949 2336 1126 2372 corrupta.
1169 2330 1259 2363 Nam
1276 2342 1444 2373 quorsum

806 2378 947 2409 tandem
965 2377 1060 2409 istud
1072 2373 1186 2408 αὐτῶν
1196 2377 1441 2409 referendum?

807 2423 979 2454 Nimirum
1012 2423 1125 2454 nihil
1152 2433 1298 2464 usquam
1313 2425 1443 2465 reperi·

805 2474 874 2508 tur
901 2479 1066 2510 quorsum
1093 2470 1267 2510 pertinere
1284 2470 1442 2502 iudican-

803 2516 884 2547 dum
921 2516 976 2548 sit.
1036 2515 1084 2546 Ut
1118 2515 1226 2555 igitur
1260 2517 1339 2548 loco
1379 2527 1443 2548 sua

802 2563 1008 2593 restituatur
1054 2562 1255 2602 integritas,
1305 2564 1442 2604 corrige

803 2618 935 2650 quaeso
963 2601 1017 2643 αὖ,
1044 2617 1112 2648 quo
1133 2607 1227 2640 facto
1244 2609 1362 2641 omnia
1378 2609 1439 2641 ha-

801 2655 933 2686 bebunt
945 2653 1215 2695 explicationem
1227 2655 1442 2688 facillimam.

801 2700 856 2733 Ita
892 2700 984 2732 enim
1019 2699 1087 2731 hoc
1128 2700 1273 2732 dicitur:
1322 2702 1442 2733 Haec

800 2748 911 2779 enim
957 2746 1319 2787 quemadmodum
1358 2757 1438 2779 non
