1781 2971
418 155 804 200 EPINOMIS.
836 158 881 199 P.
913 158 1007 199 985.
1043 156 1104 201 St.
1356 161 1433 201 511

97 275 174 316 τοῦ
212 273 464 328 γιγνώσκειν
501 274 614 318 κατὰ
663 275 810 317 πάντα
848 278 1166 335 μετειληφέναι.
1213 279 1283 319 καὶ
1329 276 1439 331 ξυμ-

95 340 293 396 πλήρους
338 340 390 394 δὴ
437 340 555 394 ζώων
601 342 798 398 οὐρανοῦ
843 342 1076 397 γεγονότος
1117 342 1443 399 ἑρμηνεύεσθαι
1476 349 1529 389 B.

96 406 208 464 πρὸς
243 407 463 461 ἀλλήλους
502 426 546 452 τε
592 412 664 452 καὶ
701 409 807 460 τοὺς
843 409 1121 467 ἀκροτάτους
1157 411 1297 461 θεοὺς
1333 410 1446 453 ποίν-

96 492 176 525 τας
211 492 256 518 τε
294 478 366 518 καὶ
402 476 578 527 πάντα,
624 475 695 520 διὰ
748 476 798 520 τὸ
849 480 1072 536 φέρεσθαι
1121 476 1173 520 τά
1213 482 1320 532 μέσα
1357 480 1445 521 τῶν

97 543 218 595 ζώων
255 547 325 585 ἐπί
372 560 415 586 τε
450 545 534 598 γῆν
573 548 644 587 καὶ
679 547 748 586 ἐπὶ
783 543 862 587 τὸν
898 543 1004 587 ὅλον
1041 543 1235 598 οὐρανὸν
1272 547 1447 603 ἐλαφρᾷ

96 610 321 667 φερόμενα
366 609 496 670 ῥύμῃ.
547 610 596 653 τὸ
644 613 688 654 δὲ
733 609 898 661 ὕδατος
932 617 1130 666 πέμπτον
1166 610 1218 654 ὃν
1252 610 1446 668 ἡμίθεον

95 680 173 731 μὲν
206 678 481 721 ἀπεικάσειεν
528 676 586 720 ἀν
629 696 693 728 τις
739 678 894 732 ὀρθῶς
936 677 1182 731 ἀπεικάζων
1228 679 1272 730 ἐξ
1305 679 1447 723 αὐτοῦ

96 749 342 798 γεγονεναι,
386 747 460 787 καὶ
495 745 622 787 τοῦτ’
673 744 785 788 εἶναι
821 748 919 789 τοτὲ
953 747 1033 800 μὲν
1072 744 1320 800 ὁρώμενον,
1366 745 1446 789 ἀλ-

96 815 193 853 λοτε
231 813 276 854 δὲ
313 811 614 868 ἀποκρυφθέν
649 810 817 864 ἄδηλον
844 811 1114 867 γιγνόμενον,
1151 814 1315 868 θαῦμα
1337 813 1438 856 κατ’

95 876 304 957 ἀμυδρὰν
350 877 460 936 ὄψιν
507 879 822 934 παρεχόμενον.
866 880 1037 923 τούτων
1088 880 1141 958 51⁷²
1191 882 1278 923 τῶν
1321 886 1445 924 πέντε

96 944 234 995 ὅντως
270 943 411 988 ὄντων
448 943 579 997 ζώων,
615 945 701 1006 ὅπη
741 950 852 997 τινὲς
872 951 1069 1002 ἐνέτυχον
1097 946 1233 1002 ἡμῶν,
1267 946 1294 1000 ἣ
1324 945 1441 991 καθ’
1484 964 1520 1007 C

96 1011 240 1055 ὕπνον
277 1017 322 1055 ὲν
358 1012 642 1069 ὸνειροπολιᾳ
676 1031 1018 1071 προςτυχοιτες,
1061 1012 1086 1065 ἢ
1135 1014 1247 1058 κατά
1293 1015 1445 1074 φήμας

192 1167 231 1198 P.
265 1167 344 1201 985.

100 1213 297 1254 legebatur
327 1213 369 1244 δὲ.

193 1259 230 1290 Β.
280 1260 476 1302 πέμπτοι
508 1258 555 1290 31
589 1258 676 1300 ἤμ.]
703 1259 759 1291 Sic
788 1262 825 1291 Α.
858 1257 895 1291 Ω.
931 1262 952 1283 ’-“
954 1261 1029 1292 ..Ζ
1058 1262 1155 1296 Voss
1182 1272 1244 1303 pro
1271 1260 1446 1305 vuig.51‚

99 1304 190 1347 quod
218 1305 367 1337 Bekker
393 1306 522 1347 primus
550 1306 705 1338 mutavit,

402 1167 678 1211 ξυμηλῆρους
709 1167 782 1209 δή]
815 1169 869 1200 Ita
903 1169 941 1201 Z.
977 1180 1003 1201 r.
1041 1181 1070 1202 a.
1099 1181 1125 1203 ο.
1152 1170 1182 1202 ὃ.
1210 1182 1240 1201 ο.
1276 1176 1309 1202 et
1345 1170 1442 1203 Voss.

98 1415 241 1457 χόνιες,
283 1422 354 1448 aut
397 1417 436 1449 in
478 1427 625 1449 somno
666 1427 742 1459 per

103 1463 370 1494 insomnia
410 1462 459 1495 ad
493 1473 544 1495 ea
582 1464 742 1505 deiati3

102 1510 134 1541 in
160 1509 287 1549 quibus
320 1519 396 1540 voe.
427 1507 648 1550 ὅνειροπολία
682 1519 742 1541 no-

102 1554 269 1594 tandum,
305 1554 395 1596 quod
436 1555 524 1596 apud
560 1555 741 1587 Platonem

102 1610 269 1642 nusquam
300 1601 483 1642 reperitur.
513 1601 645 1634 Deinde
662 1611 744 1634 vero

103 1651 238 1678 mutata
277 1648 381 1688 plane
424 1647 607 1680 verborum
661 1656 743 1679 con-

103 1693 296 1725 structione
315 1692 397 1725 haec
422 1692 610 1726 adduntur:
636 1691 658 1733 ἢ
684 1705 742 1723 κα-

103 1738 144 1769 τὰ
185 1737 306 1781 φήμας
335 1757 379 1761 -—
412 1737 616 1780 κάμνουσιν,
654 1748 743 1780 quae

103 1785 137 1816 in
169 1789 255 1816 vett.
288 1783 386 1816 editt.
421 1795 600 1827 perperam
636 1784 740 1817 divel-

104 1831 218 1862 luntm·
256 1831 535 1872 interpunctione
577 1835 658 1873 post
689 1831 740 1862 λε·

103 1876 191 1915 χθὲν
225 1876 444 1917 interposita.
494 1876 664 1909 Nimirum
692 1878 737 1908 in—

104 1920 213 1953 fertur
245 1920 296 1953 hic
328 1927 470 1963 repente
501 1933 601 1954 casus
636 1923 742 1955 abso·

106 1967 199 1999 lutus
231 1967 371 2007 λεχθέν,
407 1967 470 2000 hoc
504 1978 628 2000 sensu:
670 1973 741 2000 ant

106 2022 227 2053 quum
279 2013 503 2054 aliquibus
543 2015 634 2047 sive
676 2025 743 2045 sa·

106 2059 171 2090 nis
211 2059 304 2103 sive
344 2059 476 2092 etiam
511 2065 742 2101 aegrotan-

106 2105 230 2136 tibus
272 2115 344 2146 per
385 2106 527 2138 omina
562 2112 603 2138 et
635 2107 744 2138 vati-

107 2151 223 2182 cinia
250 2150 419 2184 dictum
447 2152 505 2183 sit
537 2152 652 2184 inter
679 2163 742 2183 au-

107 2196 325 2236 ditiones„
357 2197 386 2230 h.
413 2208 443 2229 e.
471 2199 516 2229 ita
543 2203 581 2230 ut
604 2199 745 2230 auribus

107 2242 293 2276 accideret.
358 2243 594 2285 opponuntur
642 2245 745 2286 igitur

108 2287 194 2319 haec
211 2289 392 2321 insomniis
407 2294 512 2330 atque
535 2291 631 2328 visis,
656 2300 744 2331 quae

109 2340 346 2366 memorantur
378 2341 498 2376 antea,
532 2336 745 2378 quandoqui-

110 2379 185 2412 dem
206 2390 245 2411 ea
267 2379 426 2412 dicuntur
449 2382 483 2413 ἐν
505 2380 628 2419 ἀκοαῖς
653 2392 743 2414 mor-

110 2425 235 2457 talibus
284 2426 484 2467 obtingere,
535 2433 569 2460 et
605 2429 742 2470 quidem

109 2470 194 2502 κατὰ
223 2470 359 2512 φήμας,
386 2482 457 2513 per
483 2475 641 2515 omina,
670 2484 744 2516 per

113 2527 242 2550 voces
292 2518 532 2558 ominatas3
589 2519 631 2552 de
679 2530 747 2562 quo

110 2573 185 2595 voc.
222 2563 324 2595 docte
363 2565 524 2604 exposuit
559 2564 748 2605 Wytten-

110 2608 229 2641 bach.
258 2608 457 2641 Bibiiothec.
484 2609 569 2644 Crit.
592 2611 747 2643 V01.111.

112 2654 153 2686 P.
180 2655 205 2687 l.
232 2665 266 2696 p.
294 2655 338 2689 57
364 2665 438 2696 sqq.
466 2657 523 2688 ubi
550 2667 581 2698 p.
608 2657 662 2691 60.
688 2657 748 2690 do-

112 2704 168 2733 cet
197 2701 242 2732 ita
282 2702 446 2744 appellari
485 2712 622 2744 vocem,
663 2713 751 2744 quae

113 2755 154 2779 ex
186 2747 326 2781 occuito
355 2747 396 2780 ad
438 2747 612 2782 hominurn
647 2759 750 2782 aures

810 1417 969 1450 accidens
1002 1419 1164 1452 divinitus
1200 1421 1310 1454 emitti
1336 1420 1446 1453 credi-

811 1470 885 1504 tur,
919 1465 972 1497 vei
1007 1466 1108 1498 etiam
1142 1476 1244 1500 omen
1270 1477 1312 1499 ex
1337 1466 1448 1499 homi-

812 1519 890 1542 num
928 1510 1073 1544 fortuita
1111 1522 1195 1545 voce
1234 1517 1446 1555 susceptum.

812 1556 880 1588 lam
916 1567 998 1589 vero
1024 1558 1106 1590 illud
1133 1559 1255 1600 λεχθέν
1281 1569 1343 1601 pro
1369 1569 1448 1591 ver·

811 1603 855 1633 bo
892 1603 988 1635 finito
1013 1604 1164 1645 positum
1190 1614 1232 1638 ne
1258 1605 1311 1637 cui
1337 1605 1447 1637 offen-

812 1649 898 1680 sioni
939 1650 1000 1685 sit,
1046 1650 1209 1691 loquendi
1248 1661 1346 1684 usum
1387 1649 1449 1683 de-

812 1695 1028 1727 claraverunt
1065 1697 1173 1738 intpp.
1219 1697 1260 1729 ad
1299 1697 1449 1739 Gregor.

812 1741 968 1773 Corinth.
996 1752 1028 1783 p.
1054 1741 1099 1776 38
1116 1753 1190 1784 sqq.
1218 1743 1447 1776 Hermann.

811 1786 852 1818 ad
891 1787 1009 1829 Viger.
1052 1799 1086 1830 p.
1121 1789 1207 1830 769,
1249 1789 1328 1824 213.
1378 1788 1446 1820 Fi-

811 1831 948 1864 scher.
980 1833 1022 1865 ad
1056 1834 1193 1868 Weiier.
1221 1836 1279 1868 lll.
1303 1847 1338 1877 p.
1365 1834 1445 1869 387.

810 1886 845 1911 et
869 1878 947 1913 389.
984 1880 1195 1914 Matthiae
1227 1882 1290 1914 Gr.
1323 1882 1387 1913 Gr.
1414 1880 1444 1921 ξ.

808 1924 888 1958 564.
916 1930 1004 1957 extr.
1053 1926 1160 1960 Plane
1185 1927 1309 1960 eodem
1340 1927 1447 1960 modo

811 1971 947 2011 positus
962 1972 1109 2004 aoristus
1123 1975 1343 2014 προς-ταχθέν
1355 1973 1447 2014 apud

812 2015 978 2057 Lysiam
1005 2018 1038 2049 in
1064 2017 1201 2051 Nicom.
1228 2019 1258 2058 ξ.
1276 2019 1317 2052 2:
1343 2028 1447 2060 προς-

812 2064 944 2102 ταχθὲν
968 2062 1035 2117 γὰρ
1061 2060 1156 2095 1111'115
1184 2064 1356 2107 τεσσάρων
1379 2075 1445 2106 μη-

811 2111 874 2139 νῶν
895 2119 1100 2150 αναγραψαι
1123 2129 1168 2133 -
1193 2114 1394 2151 καῖέσῖησδν
1418 2121 1447 2140 κ.

811 2166 842 2185 τ
871 2153 899 2185 λ.
927 2159 960 2186 et
986 2155 1093 2187 Piat.
1129 2154 1277 2188 Phaedr.
1311 2167 1343 2197 p.
1369 2155 1449 2189 266.

814 2199 857 2231 D:
887 2199 962 2242 περὶ
988 2202 1111 2242 ἔρωτος
1138 2199 1157 2234 ὃ
1184 2203 1274 2233 ἔστιν
1292 2201 1450 2246 ὁρισθεν,

812 2245 842 2277 h.
875 2256 904 2278 e.
939 2245 1156 2286 οριοθέντος.
1206 2247 1308 2282 Quae
1338 2249 1366 2279 si
1393 2257 1448 2279 re-

813 2296 867 2324 cte
903 2296 982 2323 sunt
1020 2294 1199 2334 exposita,
1238 2304 1340 2327 nemo
1379 2293 1446 2325 iam

813 2347 889 2369 cum
932 2338 1051 2369 Astio
1088 2345 1194 2380 atque
1225 2338 1448 2382 Stephano

813 2384 989 2422 λεχθεῖσιν
1023 2386 1056 2414 ἐν
1104 2384 1223 2422 ἀκοαῖς
1273 2386 1450 2427 corrigere

812 2430 959 2462 animum
994 2429 1176 2462 induxerit.
1227 2431 1340 2464 Porro
1370 2441 1449 2473 par-

812 2475 955 2516 ticipiis:
994 2474 1208 2517 ὑγιαίνουσιν
1236 2476 1266 2518 ἧ
1304 2477 1360 2508 καὶ
1390 2475 1449 2508 ud-

814 2533 957 2563 μνουσιν
1012 2521 1176 2564 deinceps
1223 2528 1452 2556 annectuntur

817 2569 919 2599 etiam
955 2569 1217 2609 consequentia:
1251 2568 1272 2610 ἢ
1303 2569 1361 2601 καὶ
1394 2581 1449 2602 τε-

817 2613 918 2655 λευτῇ
943 2614 1020 2654 βίον
1046 2626 1104 2657 πρ.
1131 2619 1336 2657 γενομένοις,
1362 2626 1451 2657 quae

819 2663 854 2691 et
883 2659 958 2700 ipsa
990 2669 1066 2691 cum
1100 2659 1226 2700 λεχθέν
1259 2674 1347 2693 τισιν
1371 2672 1448 2694 ora-

818 2705 886 2737 tius
910 2703 1111 2746 cohaerent,
1136 2706 1200 2740 hoc
1211 2717 1332 2741 sensu:
1359 2709 1451 2741 sive

820 2753 950 2784 etiam
995 2752 1111 2785 vitae
1153 2753 1235 2786 fini
1277 2754 1449 2796 propin-
