1781 2971
296 86 376 127 1)ss
411 84 686 128 LEGIBUS
721 85 840 128 [ΑΒ.
869 85 929 127 Χ.
962 87 1008 128 Ρ.
1041 89 1136 130 903.
1168 87 1232 132 St.
1352 92 1432 131 209

83 200 194 257 πρὸς
229 201 279 245 τὸ
316 204 441 262 κοινῇ
476 204 706 254 ξυντείνων
741 205 981 257 βέλτιστον,
1016 212 1148 261 με’ρος
1182 210 1270 260 μὴν
1306 211 1429 249 ἕνεκα

81 265 190 311 ὅλου
224 270 296 311 καὶ
339 269 418 325 οὐχ
455 267 562 312 ὅλον
595 274 754 325 μέρους
789 274 914 313 ἕνεκα
950 270 1259 326 ἀπεργάζεται.
1297 270 1349 315 σὺ
1384 274 1429 316 δὲ

80 332 346 388 ἀγανακτεῖς
399 334 599 389 α’γνοῶν,
644 334 732 396 ὅπῃ
786 335 836 380 τὸ
884 343 978 393 περὶ
1037 341 1084 381 σὲ
1136 337 1323 395 ἄριστον
1367 341 1427 395 τῷ

80 404 215 444 παντὶ
249 403 476 457 ξυμβαίνει
510 404 583 446 καὶ
618 406 688 446 σοὶ
722 402 836 447 κατὰ
881 402 1071 459 δύναμιν
1105 404 1189 458 τὴν
1226 409 1304 458 τῆς
1339 424 1429 450 κοι-

79 469 160 519 νῆς
198 473 410 522 γενέσεως.
444 471 535 513 ἐπεὶ
562 471 607 513 δὲ
638 468 708 513 ἀεὶ
745 470 865 529 ψυχὴ
901 476 1226 527 συντεταγμένη
1261 472 1432 529 σώματι

80 537 179 579 τοτὲ
216 538 295 589 μὲν
333 532 475 591 ἄλλῳ,
512 539 611 580 τοτὲ
648 539 693 580 δὲ
728 534 869 592 ἄλλῳ,
911 537 1178 593 μεταβάλλει
1213 545 1432 592 παντοίας

78 600 334 658 μεταβολὰς
380 602 436 646 δι’
486 600 715 656 ἑαυτὴνῆ
764 603 822 647 δι’
874 608 1028 662 ἑτέραν
1080 603 1252 664 ψυχήν,
1301 607 1430 651 οὐδὲν

78 665 189 712 ἄλλο
226 673 358 724 ἔργον
392 671 452 724 τῷ
498 671 709 730 πεττευτῇ
756 672 950 714 λείπεται
985 669 1102 723 πλὴν
1136 677 1429 726 μετατιθέναι

79 732 128 779 τὸ
163 738 244 790 μὲν
280 733 464 791 ἄμεινον
510 734 775 791 γιγνόμενον
813 731 937 790 ἦθος
973 741 1033 788 εὶς
1074 740 1228 793 βελτίω
1273 740 1428 790 τόπον,

73 809 222 857 χεῖρον
258 804 303 845 δὲ
340 807 400 853 εἰς
443 799 525 845 τὸν
566 805 767 859 χείρονα,
817 803 931 847 κατὰ
968 802 1019 848 τὸ
1065 810 1234 860 πρέπον
1278 807 1429 850 αὐτῶν

75 872 275 924 ἕκαστον,
310 874 384 912 ἵνα
421 870 500 922 τῆς
536 868 838 924 προςηκούσης
875 874 1034 929 μοίρας
1069 871 1280 934 λαγχάνῃ.

184 939 285 980 ΚΛ.
359 938 432 997 III}
469 939 624 991 λέγειςς

74 1094 304 1125 restituimus.
331 1091 633 1125 Commendarunt
657 1093 804 1126 eandem
828 1095 1014 1128 lectionem
1036 1097 1144 1129 ‘etiam
1170 1095 1370 1137 Stephanus
1394 1101 1428 1128 et

74 1139 262 1172 Heindorf.
286 1139 330 1171 ad
355 1138 464 1179 Gorg.
488 1149 522 1179 p.
547 1139 626 1172 209.

166 1186 204 1218 D.
255 1182 568 1226 συντεταγμένη
603 1182 785 1227 σώματι]
819 1185 880 1218 Sic
912 1188 958 1219 A.
989 1184 1027 1219 Ω.
1056 1187 1094 1221 Ξ.
1117 1187 1142 1219 f.
1169 1197 1196 1219 r.
1223 1197 1254 1220 a.
1280 1198 1310 1220 c.
1337 1186 1367 1220 δ.
1395 1199 1424 1220 ο.

74 1241 105 1262 x.
135 1237 169 1263 et
195 1232 277 1265 edit.
304 1231 386 1263 Bas.
413 1231 444 1264 2.
470 1241 546 1262 cum
571 1231 703 1264 Euseb.
729 1233 845 1273 Vulgo
872 1233 1091 1265 scribebatur
1115 1232 1364 1276 ἐπιτεταγμένη.

165 1279 237 1320 τῆς
262 1275 576 1318 προςηκούσης
605 1274 790 1321 μοίραςΪ
812 1278 1059 1321 προςηκούσης
1083 1290 1150 1312 om.
1178 1290 1230 1321 pr.
1257 1283 1296 1314 A.
1326 1278 1364 1312 Ω.
1393 1286 1428 1313 et

73 1324 174 1358 codd.
202 1324 338 1366 aliquot
361 1323 447 1357 Eus.

72 1446 173 1469 caros
198 1437 265 1469 sibi
290 1436 448 1477 haberet,
477 1447 538 1478 per
563 1437 650 1470 talia
673 1436 718 1469 ad

72 1484 206 1524 optima
224 1493 386 1524 quaeque
399 1489 588 1524 exerceret,
601 1484 718 1515 firma-

70 1533 135 1569 ret,
148 1529 407 1561 corroboraret.
429 1528 616 1562 Praeclara
632 1539 715 1561 vero

70 1574 248 1613 doctrina,
284 1586 388 1616 quam
422 1576 483 1617 qui
518 1576 715 1608 accuratius

68 1621 247 1653 voluerint
284 1632 514 1662 cognoscere,
557 1622 583 1653 ii
628 1632 715 1662 prae

68 1668 148 1699 aliis
176 1667 336 1699 omnibus
361 1668 481 1709 legant
514 1668 616 1699 velim
653 1678 713 1700 auo

67 1714 202 1745 reolum
217 1714 315 1745 illum
336 1713 527 1746 Senecae
543 1713 603 1745 De
619 1724 711 1755 pro-

69 1760 109 1791 vi
121 1760 143 1791 d
155 1760 274 1791 entia
296 1760 465 1800 libellum,
487 1765 526 1791 ut
542 1764 711 1802 tanquam

69 1815 112 1837 ex
136 1805 282 1847 limpido
302 1806 400 1838 fonte
420 1806 596 1845 hauriant,
621 1816 712 1847 quae

67 1853 281 1884 recentiores
307 1852 510 1894 philosophi
540 1853 710 1885 rimandis

68 1898 217 1938 singulis
259 1900 443 1930 sententiis
485 1903 590 1939 atque
632 1909 710 1931 ver-

68 1944 121 1975 bis
161 1944 391 1976 reddiderunt
439 1954 523 1976 sane
570 1945 710 1977 turbida

66 1995 175 2031 atque
224 1990 428 2022 insalubria.
477 1991 599 2030 Alios,
649 1991 710 2031 qui

66 2037 158 2067 idem
209 2040 405 2068 tractarunt
453 2041 708 2077 argumentum,

67 2081 96 2114 B
117 2092 136 2113 0
155 2081 173 2113 ἑΞ
187 2086 201 2112 t
215 2082 237 2113 h
254 2083 299 2113 iu
314 2093 346 2114 m
379 2083 428 2114 De
464 2083 709 2115 consolatione

67 2128 331 2170 philosophiae,
362 2139 474 2170 nuper
517 2130 657 2170 egregie
689 2139 710 2161 a

66 2174 303 2206 Theodoro
325 2174 517 2208 Obbario
540 2185 709 2216 repurga-

65 2225 152 2260 tum,
179 2219 202 2251 S
212 2221 298 2252 alvi
309 2231 360 2253 an
371 2232 433 2253 um
448 2222 709 2254 Massiliensem

65 2267 120 2298 De
143 2267 398 2307 gubernatione
410 2268 477 2300 Dei
489 2268 588 2301 Libr.
605 2267 708 2300 VIII.

65 2312 96 2345 R
110 2313 368 2345 ittershusii
400 2315 617 2356 aliorumque
645 2314 705 2346 do-

66 2360 130 2391 ctis
173 2362 435 2394 commentariis
480 2361 706 2399 illustratum,

66 2403 330 2442 Cardanum,
371 2411 406 2437 et
447 2407 477 2438 si
521 2408 581 2448 qui
625 2411 707 2438 sunt

66 2461 185 2483 eorum
211 2451 354 2490 similes,
380 2452 437 2484 hic
454 2453 577 2485 saltem
597 2453 707 2485 nomi-

65 2507 169 2530 nasse
192 2497 340 2528 iuvabit.

135 2542 188 2585 τῷ
221 2542 297 2574 τοῦ
327 2542 489 2576 παντὸει
527 2541 708 2584 batuel]

65 2588 111 2620 H.
146 2600 176 2620 e.
215 2590 289 2621 uni
303 2591 442 2633 versi3
477 2601 508 2622 v.
541 2590 586 2623 ad
619 2587 710 2621 Tim.

64 2645 98 2675 p.
126 2635 181 2668 27.
210 2637 253 2667 A.

119 2680 182 2712 είς
209 2678 420 2722 μερισμὸν
448 2679 518 2712 τὸν
534 2681 711 2721 ἔσχατον

111 2737 205 2782 Plat.
233 2737 326 2778 Opp.
355 2737 433 2768 Vol.
463 2738 507 2769 X.
537 2736 628 2769 Sect.
659 2739 716 2772 lu.

786 1436 899 1469 τέλος
933 1432 1299 1480 ἀπειργασμένοι]
1332 1438 1423 1473 Ste-

784 1483 954 1524 phanus
986 1485 1117 1517 mavult
1155 1481 1192 1515 τὸ
1226 1484 1422 1525 ἔσχατον,

783 1530 948 1562 Astius
975 1531 1140 1571 requirit:
1174 1529 1292 1562 τελέως
1309 1527 1424 1574 ἀπειρ-

783 1575 974 1616 γασμένοις.
1011 1575 1149 1608 Neutro
1186 1587 1288 1618 opuS.
1338 1577 1423 1611 Seu-

781 1623 892 1654 tentia
916 1622 1008 1654 enim
1022 1622 1109 1654 haec
1123 1627 1194 1654 est:
1210 1622 1421 1664 perfecti—

781 1678 904 1700 onem
930 1678 1078 1699 eorum
1103 1679 1238 1710 usque
1269 1670 1323 1701 ad
1357 1681 1421 1703 ex-

781 1718 959 1746 tremam
989 1715 1185 1755 ipsorum
1217 1716 1422 1756 partitio-

781 1770 891 1798 nem,
916 1760 950 1794 h.
979 1771 1008 1792 e.
1036 1771 1146 1802 usque
1172 1759 1421 1795 ad‘minimum

781 1807 969 1848 cuiusque,
995 1806 1188 1839 efficere
1214 1807 1354 1840 soliti.

827 1852 865 1886 C.
906 1850 966 1884 εἰς
1002 1851 1045 1883 τὸ
1087 1853 1167 1884 πᾶν
1206 1853 1422 1893 ζυντει’νει

779 1898 942 1938 βλέπον
967 1894 1054 1939 ἀεὶ]
1094 1900 1152 1930 Ad
1177 1898 1308 1940 βλέπον
1338 1903 1422 1934 item

779 1943 827 1976 είς
854 1941 891 1975 τι)
917 1943 984 1975 πᾶν
1006 1946 1266 1983 assumendum,
1292 1951 1329 1977 ut
1350 1957 1422 1980 non

778 2001 865 2032 opus
892 1991 999 2022 suerit
1022 1988 1130 2022 ἐκεῖσε
1154 1991 1295 2025 addere.

826 2036 864 2068 D.
893 2034 972 2076 ὅπῃ
992 2034 1033 2068 τὸ
1061 2036 1153 2078 περὶ
1176 2035 1220 2068 σὲ
1239 2035 1422 2079 ἄριστον

779 2082 829 2124 τῷ
870 2083 995 2114 παντὶ
1031 2082 1278 2127 συμβαίνει]
1314 2094 1418 2126 quo-

777 2129 901 2160 modo
926 2129 988 2169 id,
1016 2130 1130 2171 quod
1164 2129 1321 2162 habita
1355 2131 1417 2162 tui

777 2176 956 2207 ratione
985 2176 1191 2216 optimum
1216 2180 1299 2214 est,
1324 2177 1417 2208 uni·

777 2232 910 2253 verso
952 2222 1186 2254 conveniat
1218 2222 1416 2263 itemque

777 2268 859 2300 tibi
884 2278 960 2309 pro
979 2268 1213 2300 communis
1239 2278 1417 2309 genera-

775 2315 915 2346 tionis
949 2318 989 2345 et
1026 2319 1152 2346 ortus
1190 2313 1417 2353 facultate,

775 2360 809 2390 h.
835 2369 864 2391 e.
904 2366 1071 2402 quantum
1100 2360 1179 2391 ficri
1213 2361 1327 2401 possit
1355 2371 1417 2402 per

774 2416 994 2439 communem
1057 2406 1214 2438 universi
1273 2417 1418 2448 genera-

777 2452 920 2484 tionem.

822 2496 912 2529 ἐπεὶ
949 2494 981 2529 δ’
1014 2495 1075 2528 ἀεὶ
1109 2495 1216 2539 ψυχὴ
1253 2517 1293 2521 ——
1328 2497 1419 2529 τοτὲ

777 2541 820 2575 δὲ
844 2542 974 2587 ἄλλῳ]
999 2543 1092 2575 Nam
1125 2545 1262 2575 animae
1296 2554 1417 2576 secun-

779 2590 859 2623 dum
903 2591 1082 2622 Platonem
1123 2592 1158 2621 in
1201 2591 1272 2623 alia
1312 2596 1418 2631 atque

779 2637 848 2669 alia
864 2645 1016 2679 corpora
1028 2637 1198 2677 migrant:
1217 2648 1246 2667 v.
1265 2636 1415 2669 phaedr.

779 2693 812 2724 P·
846 2683 925 2718 248.
983 2683 1035 2714 De
1071 2683 1156 2724 Rep.
1185 2683 1230 2716 X.
1271 2694 1302 2724 p.
1338 2682 1415 2716 620,

1098 2731 1145 2768 14

1474 329 1511 368 1,)
