1781 2971
158 631 190 671 Β

236 110 318 151 236
736 109 1118 153 PLATONlS

238 224 423 277 θετήσει
466 239 510 266 τε
553 226 627 266 καὶ
671 226 720 283 τῇ
770 227 847 277 τῆς
892 228 1039 285 ψυχῆς
1088 227 1282 280 σωτηρίᾳ
1315 223 1584 281 ὁμιλοῦντες.

238 289 351 333 ὅταν
396 287 435 333 δ’
484 287 507 333 ὁ
552 288 718 347 χρόνος
753 290 910 342 αὐτοῖς
957 293 1114 352 ἐξέλθῃ
1153 293 1241 334 τῶν
1277 293 1463 347 δεσμῶν,
1507 290 1588 335 ἐὰν

235 359 315 410 μὲν
360 358 466 416 δοκῇ
512 372 578 406 τις
626 367 870 415 σωφρονεῖν
913 358 1087 408 αὐτῶν,
1134 362 1300 401 οἰκείτω
1343 357 1451 413 μετὰ
1499 360 1588 400 τῶν

236 422 501 481 σωφρόνων,
547 422 625 465 ἐὰν
660 424 704 466 δὲ
742 421 824 480 μή,
858 423 1011 484 ὀφείλῃ
1049 425 1087 468 δ’
1138 419 1281 473 αὖθις
1320 422 1402 476 τὴν
1437 422 1586 467 rotati·

238 506 319 542 την
357 492 508 544 δίκην,
559 489 754 545 θανάτῳ
793 492 1068 546 ζημιούσθω.
1106 490 1205 535 ὅσοι
1240 490 1281 534 δ’
1320 488 1379 534 ἂν
1416 491 1586 547 θηριώ-

237 558 323 606 δεις
368 560 581 611 γένωνται
627 554 738 613 πρὸς
784 560 843 612 τῷ
878 555 1022 607 θεοὺς
1056 555 1161 618 [μὴ]
1197 559 1386 614 νομίζειν
1420 554 1448 609 ἦ
1481 557 1587 612 ἀμε-

238 625 324 672 λεῖς
369 620 396 675 ἢ
442 622 745 678 παραιτητοὺς
789 623 922 674 εἶναι,
972 626 1361 683 καταφρονοῦντες
1405 625 1450 666 δὲ
1499 625 1588 666 τῶν

238 688 501 746 ἀνθρώπων
524 692 814 749 ψυχαγωγῶσι
833 694 912 746 μὲν
941 689 1132 741 πολλοὺς
1154 693 1242 734 τῶν
1261 690 1448 744 ζώντων,
1484 689 1590 741 τοὺς

236 759 280 800 δὲ
315 758 570 807 τεθνεῶτας
602 757 848 813 φάσκοντες
882 766 1160 817 ψυχαγωγεῖν
1199 761 1273 801 καὶ
1308 754 1448 807 θεούς
1480 754 1587 800 ὑπι-

236 822 498 879 σχνούμενοι
548 826 749 879 πείθειν,
796 822 852 875 ὠς
897 827 1081 876 θυσίαις
1126 840 1170 868 τε
1215 826 1288 868 καὶ
1333 823 1479 880 εὐχαῖς
1515 826 1589 866 καὶ

237 893 427 944 ἐπῳδαῖς
464 889 763 943 γοητεύοντες,
800 889 979 942 ἰδιώτας
1014 908 1059 934 τε
1094 894 1168 935 καὶ
1206 889 1314 941 ὅλας
1349 895 1489 940 οἰκίας
1515 894 1587 933 καὶ

237 954 385 1007 πόλεις
425 955 665 1012 χρημάτων
699 958 830 1014 χάριν
865 960 1110 1014 ἐπιχειρῶσι
1145 957 1247 1001 κατ’
1303 956 1443 1015 ἄκρας
1477 957 1590 1009 ἐξαι-

238 1032 352 1078 ρεῖν,
398 1024 571 1067 τούτων
617 1026 661 1067 δὲ
707 1023 755 1075 ὃς
801 1022 862 1068 ἂν
897 1022 1048 1082 ὅφλων
1092 1024 1204 1068 εἶναι
1242 1024 1368 1084 δόξῃ,
1419 1023 1588 1078 τιμάτω

328 1178 368 1210 Ρ.
397 1177 477 1212 909
528 1179 567 1210 Β.

239 1223 270 1254 ὁ.
300 1236 331 1255 o.
359 1228 394 1256 et
418 1234 487 1256 rec.
514 1225 563 1255 Ω.

618 1178 811 1216 πολλοὺς
845 1182 923 1211 τῶν
951 1177 1134 1221 ζώντων]
1167 1177 1253 1216 τοὺς
1277 1177 1428 1215 πολλοὺς
1453 1188 1484 1210 v.
1513 1178 1534 1210 f.
1561 1188 1586 1210 r.

330 1269 419 1301 κατ’
446 1270 580 1311 ἄκρης
607 1269 822 1312 ἐξαιρεῖν]
849 1269 994 1311 ἐξευρεῖν
1021 1281 1072 1313 pr.
1100 1271 1146 1302 A.
1173 1274 1208 1302 et
1232 1278 1265 1302 x.

329 1315 409 1347 τῶν
432 1315 691 1358 μεσογείων]
722 1316 912 1357 μεσογαίων
937 1317 1014 1352 Ric.
1042 1316 1072 1349 b.
1100 1320 1136 1349 et
1160 1318 1271 1357 (corr.
1296 1315 1330 1346 in
1355 1312 1586 1357 diphthongo)

240 1361 280 1392 A.
305 1361 396 1403 quod
427 1361 536 1394 edidit
561 1361 712 1395 Bekker.

238 1498 457 1538 consilio,
483 1501 528 1529 ut
553 1497 701 1539 ipsum
729 1499 880 1531 melio-

239 1553 281 1576 ra
330 1543 552 1577 edoceant
606 1547 739 1585 atque
795 1546 880 1577 ani—

239 1600 345 1623 mum
396 1591 494 1622 eius
543 1590 711 1621 salvum
761 1600 881 1630 prae-

238 1639 384 1676 stent,
421 1645 470 1668 ne
497 1635 737 1676 impietate
763 1636 880 1677 peni-

240 1686 312 1713 tus
337 1684 660 1722 corrumpatur,

283 1726 394 1770 πρὸς
424 1730 476 1770 τῷ
510 1724 648 1762 θεους
682 1725 784 1769 [μὴ]
818 1738 880 1758 νο

238 1771 399 1814 μίζειν]
438 1776 742 1814 praeterquam
769 1771 882 1813 quod

241 1818 353 1850 deos
379 1817 574 1851 credunt.
625 1817 814 1851 Delendum
848 1818 880 1850 in

242 1864 291 1896 his
323 1863 370 1906 μὴ
409 1869 473 1895 est.
530 1863 616 1897 Nam
655 1863 698 1896 de
730 1865 790 1904 iis,
823 1865 882 1905 qui

241 1909 327 1942 deos
353 1911 494 1942 omnino
526 1920 590 1941 non
619 1919 698 1942 esse
724 1909 882 1949 credunt,

241 1957 370 1988 iamin
407 1956 646 1997 superioribus
673 1966 705 1997 p.
732 1956 812 1990 908.
841 1956 882 1987 C.

240 2001 812 2043 --D.estexplicatun1.Nune
838 2001 881 2033 de

241 2049 362 2089 poenis
398 2052 433 2079 et
463 2048 641 2090 suppliciis
667 2058 782 2081 eorum
810 2048 882 2089 agi-

242 2100 310 2132 tur,
336 2093 391 2133 qui
417 2093 503 2125 deos
528 2093 725 2125 existiment
751 2107 767 2133 η
797 2092 881 2135 α’με-

243 2137 345 2173 lete*
326 2152 341 2178 η
360 2149 605 2181 παραιτητους
630 2149 720 2170 esse.
754 2139 882 2170 Emen-

240 2184 335 2216 datio
361 2184 450 2216 adeo
478 2183 619 2217 evidens
645 2187 721 2223 est,
753 2188 790 2216 ut
815 2194 882 2216 uon

241 2229 516 2263 dubitaverimus
557 2240 677 2262 vocem
712 2231 882 2272 importu-

242 2286 317 2308 nam
358 2277 453 2308 uncis
497 2287 514 2307 a
558 2278 688 2317 reliqua
723 2278 884 2308 oratione

242 2321 435 2354 secludere.
484 2322 527 2353 Et
549 2326 717 2364 sequutus
742 2327 794 2355 est
819 2321 884 2353 hoc

243 2368 422 2400 consilium
454 2372 607 2400 nostrum
646 2378 754 2411 nuper
780 2368 882 2402 etiam

243 2413 533 2446 Hermannus.

287 2459 329 2491 B.
375 2462 664 2501 ψυχαγωγῶσι
687 2459 761 2500 μὲν
786 2459 882 2490 πολ-

243 2503 344 2541 λοὺς
364 2507 424 2544 -]
456 2505 624 2548 Ambigue
649 2505 791 2547 ponitur
815 2514 882 2545 ψυ-

240 2553 426 2592 χαγωγεῖν;
459 2560 536 2583 nam
569 2556 601 2583 et
629 2551 791 2583 animos
818 2549 882 2581 ‹lu-

242 2605 341 2628 cere
379 2599 511 2636 utque
551 2598 742 2629 allicere
778 2595 882 2636 signi-

244 2642 339 2684 ficat,
370 2640 464 2681 quod
496 2642 533 2673 fit
563 2643 665 2675 etiam
704 2642 818 2675 verbis
852 2646 884 2673 el

243 2690 317 2720 arte
349 2686 596 2729 persuadendi,
643 2692 677 2721 et
717 2688 886 2720 animas

950 1504 1218 1532 mortuorum
1251 1495 1464 1535 educere,
1502 1496 1589 1528 cie-

950 1556 1011 1583 re,
1053 1553 1251 1577 ev.ocare
1311 1541 1446 1573 Eadem
1489 1542 1590 1582 plane

949 1591 1176 1633 ambiguitate
1208 1599 1292 1621 usus
1326 1592 1380 1619 est
1415 1587 1586 1618 Aristo

951 1638 1116 1680 phanes
1132 1638 1221 1667 Avv.
1231 1645 1263 1666 v
1275 1633 1376 1668 1555.
1391 1633 1446 1665 ed.
1459 1633 1516 1664 Br.
1533 1632 1588 1664 ubi

950 1694 982 1716 v.
1008 1683 1113 1723 intpp.
1157 1681 1322 1713 Ceterum
1340 1679 1383 1711 de
1403 1688 1467 1710 usu
1493 1678 1587 1710 verbi

951 1727 1185 1762 consulendus
1202 1725 1370 1768 imprimis
1392 1724 1452 1756 Ru
1464 1723 1587 1756 lunke

951 1775 1050 1808 nius
1078 1773 1119 1805 ad
1146 1772 1237 1804 Tim.
1266 1783 1298 1814 p.
1324 1769 1391 1805 114
1416 1780 1492 1811 sqq.

941 1837 946 1845 τ
998 1819 1141 1855 θεοὺς
1187 1817 1456 1858 ὐπισχνουμ.
1504 1817 1587 1846 πεί·

951 1867 1050 1897 &en
1075 1859 1149 1906 —-—]
1160 1865 1250 1906 Apte
1277 1866 1454 1904 comparat
1481 1861 1588 1892 ¹&sti—

950 1922 997 1944 us
1025 1911 1126 1952 Reip.
1155 1910 1196 1942 ll.
1224 1920 1255 1951 p.
1281 1908 1359 1943 364.
1388 1910 1425 1941 (Σ.
1457 1908 1588 1949 ἐπαγω-

949 1961 1028 1999 γαῖς
1058 1968 1130 1987 τισι
1162 1968 1218 1986 και
1252 1955 1477 1995 καταδέσμοις
1506 1951 1590 1988 τοὺς

950 2002 1072 2042 θεουᾋς
1098 2000 1140 2034 οἷς
1156 2013 1252 2043 φασι,
1277 2001 1471 2031 πείθοντες.
1499 1998 1589 2030 conf.

952 2049 1060 2091 {eng
1087 2047 1154 2080 XI.
1180 2058 1212 2089 p.
1237 2047 1317 2080 933.
1337 2049 1373 2078 A.
1395 2045 1434 2076 D.
1483 2043 1588 2075 Cete-

949 2105 1026 2127 rum
1066 2094 1166 2125 etiam
1207 2094 1271 2133 leg·¹
1276 2093 1340 2123 bus
1382 2090 1507 2122 Atticis
1556 2089 1589 2121 in

950 2138 1118 2173 eiusmodi
1177 2138 1384 2179 praestigias
1439 2136 1589 2176 magicas

950 2185 1176 2228 gravissimae
1211 2193 1342 2224 poenae
1376 2186 1473 2213 erant
1505 2191 1587 2213 cou-

952 2232 1113 2269 stitutae3
1142 2239 1172 2260 v.
1209 2226 1493 2262 Demostheni.
1526 2226 1588 2259 ad-

952 2272 1480 2315 »ers.2ristog.1.p.793
1512 2283 1587 2314 sqq.

952 2322 1092 2355 Meier
1118 2324 1151 2351 et
1178 2319 1418 2353 Scho‘mann
1455 2318 1505 2350 De
1530 2319 1588 2350 lite

955 2371 1024 2400 Att.
1053 2378 1085 2409 p.
1111 2366 1180 2400 310
1209 2377 1283 2408 sqq.
1310 2363 1587 2398 Wacnsmuth.

952 2414 1046 2446 Hell.
1073 2412 1222 2445 Alterth.
1258 2412 1334 2444 Vol.
1361 2411 1411 2443 11.
1439 2409 1478 2441 P.
1507 2409 1530 2441 l.
1555 2420 1587 2450 p.

952 2459 1032 2494 267.
1060 2459 1114 2491 ed.
1143 2458 1176 2492 1.
1210 2458 1402 2490 Platner.
1435 2455 1588 2487 Process

952 2516 985 2540 u.
1013 2505 1144 2544 Klagen
1172 2503 1213 2536 T.
1242 2505 1284 2537 ll.
1311 2514 1342 2544 p.
1369 2501 1445 2536 170.

998 2549 1091 2582 κατ’
1117 2549 1251 2590 ἄκρας
1274 2546 1480 2590 ἐξαιρεῖν]
1500 2545 1588 2577 Κατ’

952 2597 1058 2638 ἄκρας
1094 2597 1234 2637 proprie
1261 2599 1315 2628 est
1340 2604 1359 2626 a
1386 2593 1589 2631 culmine,

953 2652 971 2674 a
997 2643 1177 2675 vertice.
1225 2639 1370 2682 lntelligi
1396 2641 1510 2680 potest
1538 2649 1591 2669 κε-

954 2688 1088 2731 φαλῆς,
1128 2688 1190 2720 uisi
1231 2687 1333 2720 malis
1369 2683 1479 2727 ἄκρας
1515 2693 1589 2716 cum
