1781 2971
274 166 356 209 DE
392 163 669 209 LEGIBUS
704 166 820 208 LIB.
857 166 913 208 X.
948 167 994 207 P.
1029 168 1124 210 900.
1158 168 1223 210 St.

1361 171 1372 208 l
1386 170 1437 210 95

81 285 197 326 αῦτα
235 285 369 336 δῆλος
405 283 443 326 εἷ
473 286 736 343 μέμφεσθαι
770 287 850 338 μὲν
888 283 1032 334 θεοὺς
1063 284 1121 335 ὡς
1157 288 1328 336 αἰτίους
1363 285 1437 329 ὅν·

83 367 161 401 τας
209 352 296 393 τῶν
345 351 563 395 τοιούτων
606 350 678 394 διὰ
728 353 977 406 ξυγγένειαν
1021 351 1102 395 οὐκ
1148 349 1207 394 ἂν
1253 356 1435 403 ἐθέλων,

80 417 302 473 ἀγόμενος
341 421 385 461 δὲ
420 417 507 461 ὑπό
548 422 592 460 τέ
640 435 759 468 τινος
803 418 987 472 ἀλογίας
1027 417 1123 474 ἅμα
1160 422 1232 462 καὶ
1272 420 1326 464 οὐ
1363 423 1435 463 ‹511-

82 484 270 540 νάμενος
303 488 596 541 δυςχεραίνειν
635 486 776 536 θεοὺς
808 490 866 535 εὶς
903 488 1038 529 τοῦτο
1074 488 1157 528 νῦν
1185 484 1234 529 τὸ
1270 486 1430 538 πάθος

80 552 323 604 ἐλήλυθας,
359 551 459 603 ὥςτ’
504 551 616 595 εἶναι
652 556 732 608 μὲν
771 556 913 596 δοκεῖν
950 551 1130 602 αὐτούς,
1167 555 1254 595 τῶν
1282 558 1325 597 δὲ
1355 555 1435 597 άν-

82 622 325 675 θρωπίνων
360 628 660 677 καταφρονεῖν
698 622 770 662 καὶ
810 618 989 673 ἀμελεῖν
1024 619 1311 673 πραγμάτων.
1360 626 1434 663 ἵνα

81 681 164 729 οὖν
199 685 260 742 μὴ
298 689 364 729 ἐπὶ
409 689 559 742 μεῖζον
602 689 718 746 ἔλθῃ
757 701 827 729 σοι
875 684 1035 736 πάθος
1073 684 1185 742 πρὸς
1229 686 1434 742 ἀσέβειαν

84 815 153 848 Pro
191 814 274 847 ι’δών
298 816 611 847 VVinckelmannus
645 816 738 847 coni.
773 813 890 852 εἰδώς,
921 816 1015 857 quod
1050 826 1153 848 nemo
1187 818 1353 858 probabit
1379 830 1435 851 co-

81 863 179 903 gnita
203 864 273 893 loci
299 863 601 902 interpretatione.
637 861 708 893 Pro
736 858 935 902 προςιυχών
959 867 1004 893 A.
1033 873 1064 893 v.
1092 874 1122 894 a.
1152 874 1179 894 c.
1210 863 1238 895 δ.
1267 870 1300 895 et
1324 875 1375 906 pr.
1400 863 1437 895 Ω.

81 905 284 949 προςτιχὴς,
309 909 454 948 vulgata
480 909 515 938 in
540 908 718 949 plerisque
743 908 993 949 superscripta.
1029 907 1119 940 Post
1145 905 1192 940 δι’
1219 906 1264 941 αὖ
1270 908 1306 941 τὰ
1333 922 1394 942 rat
1401 922 1438 942 ια

81 955 176 995 quod
201 955 238 985 in
263 954 361 987 editt,
397 959 479 984 vett.
515 954 761 994 interpositum
793 955 924 995 legitur
959 955 1104 986 verbum
1133 951 1228 998 ὁρᾶς,
1255 957 1290 987 id
1324 967 1437 998 nuper

81 1000 286 1031 Turicenss.
313 1005 347 1031 et
364 999 569 1031 Schneider.
598 1011 673 1031 cum
691 1000 853 1032 Bekkero
874 1004 1099 1032 extruserunt
1124 1003 1335 1034 auctoritate
1354 1003 1435 1035 Par.

81 1048 126 1078 A.
156 1051 192 1077 et
216 1056 286 1077 rec.
318 1043 357 1077 Ω.
407 1045 477 1077 Sed
505 1047 643 1077 videtur
671 1042 757 1088 ὁρᾷς
789 1047 910 1087 utique
935 1047 1083 1087 probum
1110 1058 1198 1088 esse,
1226 1059 1295 1088 qno
1323 1050 1435 1080 eiecto

80 1093 200 1123 omnia
234 1093 360 1123 misere
383 1092 560 1124 laborant.
609 1091 684 1123 Nec
710 1093 753 1123 de
780 1093 882 1124 codd.
910 1094 954 1123 A.
982 1098 1015 1124 et
1045 1090 1082 1126 Ω.
1110 1095 1182 1124 tale
1208 1095 1291 1135 quid
1317 1097 1437 1136 prodit

78 1138 234 1178 Bastius,
262 1138 355 1180 qnod
379 1139 455 1169 iure
477 1138 580 1169 alicui
607 1139 809 1179 scrupulum
835 1139 984 1170 iniiciat.
1021 1138 1113 1170 Nam
1138 1141 1279 1171 silentio
1298 1142 1364 1172 viri
1385 1142 1436 1172 di-

80 1185 305 1225 ligentissimi
331 1184 465 1226 aliquid
490 1185 714 1216 tribuendum
738 1195 830 1227 esse,
863 1190 956 1216 recte
988 1185 1149 1216 videmur
1184 1187 1312 1217 exinde
1338 1188 1436 1219 colli-

79 1241 180 1272 gere,
214 1231 308 1273 qnod
341 1231 470 1272 reliqui
503 1231 603 1264 codd.
638 1241 777 1270 omnes,
804 1231 908 1262 etiam
933 1231 1013 1261 libri
1042 1231 1206 1270 Eusebii,
1242 1228 1328 1274 ὁρᾷς
1353 1243 1436 1264 con-

81 1281 215 1309 stanter
240 1280 394 1316 tuentur,
420 1283 458 1308 ut
474 1277 517 1308 de
541 1278 616 1308 eius
643 1278 855 1309 auctoritate
881 1277 1033 1309 dubitari
1050 1278 1148 1309 nullo
1175 1279 1282 1310 modo
1309 1280 1436 1320 possit.

82 1379 339 1421 querimonias,
379 1390 443 1411 nec
487 1380 580 1411 inter
616 1378 725 1411 Grae·
795 1379 877 1418 Qui
905 1379 1072 1411 variam
1105 1379 1326 1413 Phoeben
1358 1382 1435 1413 ali-

80 1436 141 1457 cos
165 1426 232 1457 hae
247 1426 432 1466 opiniones
451 1427 579 1457 nudius
601 1427 726 1457 tertius

81 1473 221 1504 demum
254 1472 418 1503 videntur
454 1473 633 1512 extitisse,
664 1473 727 1503 sed

82 1519 152 1550 iam
187 1519 270 1549 inde
306 1519 348 1549 ab
383 1519 582 1560 antiquiore
612 1524 727 1550 aetate

82 1575 105 1596 a
130 1565 284 1604 comicis,
309 1566 465 1605 tragicis,
490 1565 726 1605 philosophis,

82 1611 226 1642 multum
243 1611 354 1642 fuisse
376 1612 594 1642 decantatae.
619 1610 725 1641 Conf.

82 1658 175 1688 inter
206 1657 277 1688 alia
314 1657 374 1688 illa
406 1656 486 1687 Poli
519 1658 556 1688 in
590 1655 727 1697 Gorgia

81 1713 117 1744 p.
142 1702 284 1736 471.A.
317 1701 497 1743 Diagorae
518 1713 726 1744 responsum

83 1760 138 1790 ap.
174 1747 311 1780 Cicer.
347 1748 403 1780 De
438 1754 509 1780 nat.
537 1750 632 1782 deor.
659 1748 729 1780 111.

83 1795 138 1830 37.
149 1794 225 1826 Nec
237 1805 321 1826 vero
334 1801 478 1836 postero
497 1799 652 1837 tempore
665 1805 728 1826 un-

84 1851 188 1883 quam
203 1841 270 1872 hae
290 1842 455 1882 querelae
471 1843 730 1881 conticuerunt,

85 1897 172 1928 quas
186 1888 329 1928 egregie
345 1888 434 1919 Luc
447 1889 570 1919 ianus
589 1889 624 1919 in
641 1888 727 1919 Iove

85 1934 275 1974 Tragoedo
307 1938 342 1964 et
367 1933 560 1965 Confutato
586 1935 632 1965 ad
653 1944 730 1974 spe-

86 1981 173 2011 ciem
194 1979 516 2011 verisimilitudinis
531 1981 726 2012 exornavit.

87 2026 247 2058 Pertinet
271 2026 339 2056 huc
364 2030 503 2067 praeter
528 2027 599 2058 alia
624 2027 728 2057 etiam

86 2072 329 2104 nobilissimus
362 2073 461 2103 loeus
487 2071 729 2104 Claudiani

87 2119 184 2150 Libr.
213 2118 236 2150 l.
268 2119 304 2148 in
329 2117 492 2149 Rufinum
523 2129 556 2152 v.
581 2119 601 2152 1
619 2118 728 2151 -21,

87 2164 231 2205 Saepe
255 2164 360 2195 mihi
386 2164 562 2195 dubiam
588 2164 731 2196 traxit

87 2210 311 2242 sententia
346 2215 550 2251 mentem,
601 2210 730 2242 Cura-

86 2254 363 2296 rentSuperi
388 2260 540 2294 terras,
561 2267 611 2289 an
638 2257 727 2288 nul·

87 2304 156 2334 lus
181 2304 350 2333 inesset
378 2301 558 2341 Rector,
592 2308 634 2334 et
664 2303 726 2333 in-

89 2353 210 2380 certo
237 2348 404 2380 fierent
436 2350 642 2380 mortalia
666 2359 726 2380 ca-

88 2405 156 2433 su,
203 2394 324 2426 Nam·
352 2404 474 2435 quum
511 2395 727 2437 dispositi

90 2441 360 2482 quaesissem
395 2440 590 2473 foedera
618 2450 729 2473 mun-

91 2487 144 2526 di,
164 2483 572 2529 Praeslcriptosque
594 2488 726 2519 maris

91 2532 201 2564 finis
233 2532 425 2572 annique
457 2539 640 2571 meatus,
672 2533 729 2564 Et

90 2579 204 2610 lucis
258 2589 280 2609 n
298 2588 318 2609 o
336 2587 353 2608 c
370 2583 383 2608 t
399 2580 440 2609 i‘s
459 2589 516 2621 qu
532 2590 550 2612 e
597 2582 730 2617 vices,

93 2630 197 2657 tunc
232 2624 375 2656 omnia
415 2626 542 2657 rebar
578 2625 731 2657 Consi-

93 2670 156 2703 lio
190 2671 370 2702 firmata
403 2670 492 2707 Dei,
525 2673 598 2712 qui
639 2673 734 2712 lege

92 2718 253 2749 moveri
281 2715 449 2756 Sidera,
476 2719 546 2758 qui
573 2718 736 2758 fruges,

93 2763 267 2795 diverso
329 2768 523 2804 tempore
572 2774 591 2794 n
611 2764 737 2795 asel:

797 1437 874 1457 eno
901 1427 1093 1457 iusserit
1117 1426 1436 1469 igneComple-

792 1473 852 1513 ri,
888 1473 1119 1513 solemque
1149 1482 1242 1512 suo;
1285 1484 1437 1514 porre-

792 1519 909 1550 xerit
954 1519 1082 1550 undis
1126 1518 1325 1560 Littora;
1360 1521 1437 1551 tel-

796 1565 929 1596 lurem
978 1564 1142 1595 medio
1190 1565 1438 1597 libraverit

793 1620 887 1642 axe.
945 1608 1032 1641 Sed
1059 1620 1184 1651 quum
1209 1621 1278 1650 r-es
1306 1612 1438 1643 homi-

796 1667 892 1688 num
920 1661 1046 1687 tanta
1082 1656 1279 1698 caligine
1313 1658 1439 1689 volvi

797 1703 1117 1743 Adspicerem,
1151 1703 1440 1746 laetosque

797 1750 868 1780 diu
906 1749 1077 1780 florere
1116 1754 1332 1782 nocentes
1364 1750 1441 1781 Ve-

796 1795 984 1835 xarique
1027 1795 1141 1835 pios3
1193 1806 1349 1827 rursus
1384 1796 1440 1827 la-

797 1841 972 1873 befacta
1006 1840 1441 1885 cadebat‘Relligio,

799 1888 1100 1928 causaeque
1153 1888 1289 1919 viam
1343 1897 1439 1919 non

799 1938 953 1974 sponte
979 1933 1197 1974 sequebar
1223 1935 1441 1974 Alterius,

797 1989 934 2010 vacuo
954 1989 1060 2020 quae
1079 1988 1259 2010 currere
1278 1981 1441 2011 semina

798 2030 912 2057 motu
951 2025 1181 2061 Affirmat,
1224 2036 1438 2066 magnum-

798 2081 878 2112 que
905 2080 1045 2102 novas
1070 2081 1144 2112 per
1168 2072 1298 2103 inane
1329 2072 1439 2112 figu-

798 2127 869 2148 ras
918 2117 1134 2157 Fortuna,
1187 2126 1272 2148 non
1324 2124 1439 2156 arte,

797 2163 906 2204 regig
955 2173 1064 2204 quae
1097 2163 1272 2195 numina
1310 2174 1440 2195 sensu

798 2209 1017 2250 Ambiguo
1045 2210 1115 2240 vel
1141 2209 1268 2241 nulla
1292 2215 1441 2250 putat,

797 2256 863 2287 vel
889 2257 1046 2287 nescia
1071 2255 1233 2286 nostri.
1270 2257 1327 2287 Ad
1348 2256 1441 2287 hunc

796 2303 910 2333 locum
952 2301 1139 2333 Claudiani
1190 2301 1298 2342 digna
1348 2303 1439 2333 lectu

797 2352 878 2379 sunt
909 2357 997 2388 quae
1023 2357 1065 2378 ex
1081 2347 1194 2378 omnis
1211 2348 1337 2378 aetatis
1356 2348 1440 2378 seri-

797 2393 957 2435 ptoribus
989 2394 1032 2425 de
1057 2403 1098 2423 ea
1129 2402 1166 2423 re
1201 2394 1346 2434 collegit
1369 2394 1440 2424 Ca-

798 2449 900 2481 spar
925 2439 1140 2470 Barthius
1174 2448 1208 2479 p.
1246 2439 1336 2473 1077
1363 2450 1440 2480 sqq.

797 2487 985 2517 Praeterea
1011 2484 1104 2516 cons.
1125 2483 1239 2516 Cicer.
1267 2485 1383 2516 DeN.
1395 2485 1441 2519 D.

796 2530 1121 2565 111.c.33-3G
1146 2530 1267 2572 ibique
1290 2532 1404 2572 intpp

846 2578 886 2609 P.
914 2577 992 2611 900.
1021 2577 1062 2608 Β.
1099 2576 1169 2607 ἵνα
1195 2573 1274 2609 οὖν
1299 2576 1348 2618 μὴ
1375 2576 1442 2608 ἐπὶ

801 2625 952 2664 μεῖζον
978 2642 1017 2647 -
1047 2620 1211 2666 πάθος]
1255 2624 1444 2664 Eleganter

800 2671 930 2711 repetit
957 2679 1034 2701 voc.
1062 2667 1182 2700 πάθος
1199 2681 1274 2702 cum
1292 2670 1443 2710 quadam

805 2718 948 2756 dilogia.
1002 2715 1093 2746 Nam
1125 2720 1230 2748 antea
1259 2721 1334 2749 erat
1359 2721 1443 2747 sta-

806 2769 873 2793 tus
916 2768 954 2792 et
992 2762 1214 2800 conditio,
1253 2773 1331 2803 qua
1367 2763 1444 2792 hox-

1074 2818 1120 2858 13
1154 2816 1177 2840 *

1478 492 1512 531 Β
