1781 2971
244 165 324 207 DE
361 164 638 208 LEGIBUS
671 165 790 206 LIB.
823 165 905 207 XI.
940 165 985 206 P.
1020 166 1112 207 9⁶26.
1148 164 1210 208 St.
1335 166 1418 211 289

167 282 265 325 ΑΘ,
325 280 484 325 Ἐστιν
538 280 611 325 ὅτε
666 284 878 325 πλουσίου
930 281 1099 338 πατρὸς
1146 281 1415 341 ἀδελφιδοῦς

66 346 147 401 τὴν
186 351 266 393 τοῦ
303 351 435 392 θείου
480 352 711 405 θυγατέρα
750 348 860 392 ἑκών
906 347 986 392 οὐκ
1023 346 1080 391 ἄν
1116 351 1267 393 ἐθέλοι
1302 353 1410 405 λαμ-

63 414 232 469 βάνειν,
269 418 450 475 τρυφῶν
486 434 558 459 και
595 418 664 458 ἐπὶ
699 418 862 470 μείζοσι
896 415 1057 471 2a‘ptotg
1093 415 1172 468 τὴν
1208 415 1414 461 διάνοιαν

64 488 238 538 ἐπέχων·
277 487 368 525 ἐστι
403 481 441 525 δ’
483 481 558 526 ὅτε
597 485 669 526 καὶ
705 481 941 542 ξυμφοράν
976 482 1058 535 τὴν
1094 488 1302 537 μεγίστην
1335 487 1413 527 τοῦ

63 552 324 603 νομοθέτου
359 549 719 605 προςτάττοντος
761 550 973 592 ἀπειθεῖν
1015 547 1302 602 ἀναὶκάζοιτ
1356 551 1414 594 ἂν

63 618 123 658 τῶ
160 615 307 671 νόμῳ,
353 617 603 672 μαινόμενα
645 618 899 671 κηδεύματα
935 615 1270 669 oivayuagovtog
1304 621 1414 672 λαμ-

61 683 217 737 βάνειν
253 682 277 736 ἢ
315 682 461 733 δεινὰς
497 681 637 733 ἄλλας
673 683 890 739 σωμάτων
925 680 952 735 ἢ
987 685 1144 743 ’ψυχῶν
1170 684 1415 743 ξυμφορᾶς,

62 747 118 799 ἃς
161 750 359 805 ἀβίωτον
405 752 485 802 ζῆν
528 756 785 805 κεκτημένῳ.
839 748 862 793 ὁ
901 748 954 800 δὴ
1002 752 1085 792 νῦν
1131 751 1266 804 λόγος
1309 749 1414 806 ἡμῖν

64 818 161 872 περὶ
198 816 367 858 τούτων
399 814 472 859 ὅδε
509 815 645 872 νόμος
678 820 858 860 κείσθω·
896 814 1001 858 Ἐοὲν
1040 833 1153 867 τινες
1187 814 1279 872 ἄρα
1316 835 1413 875 περι

63 883 290 935 διαθήκης
334 884 549 936 ἐ)καλῶσι
594 891 688 934 τοῖς
736 887 948 939 κειμένοις
993 882 1170 938 νόμοις,
1219 888 1319 942 περί
1362 902 1407 929 τε

61 948 209 993 ἄλλων
255 949 536 993 ὡντινωνοῦν
579 953 653 994 καὶ
688 949 740 1003 δὴ
778 953 850 993 καὶ
897 953 994 993 mot
1041 950 1213 1005 μίμων,
1250 945 1277 1004 ἦ
1324 951 1414 1007 μὴν

61 1015 266 1072 παρόντα
302 1019 374 1060 καὶ
423 1019 565 1070 ζῶντα
609 1015 751 1060 αὐτὸν
789 1017 869 1061 τὸν
916 1021 1174 1072 νομοθέτην
1207 1018 1269 1074 μή
1308 1020 1408 1062 ποτ’

60 1083 118 1126 ἂν
154 1102 272 1139 ava)
275 1099 410 1126 κασαι
444 1084 654 1140 πράττειν
688 1101 828 1138 ουτω,
874 1087 981 1139 μηδὲ
1017 1086 1156 1140 γῆμαι
1192 1088 1300 1139 μηδὲ
1336 1086 1414 1141 ρή-

59 1154 263 1206 μασθαι,
305 1168 410 1201 τους
444 1153 525 1195 νῦν
559 1151 945 1207 ἀναγκαζομένους
981 1151 1167 1208 ἑκάτερα
1215 1155 1350 1210 ὁρᾶν,
1389 1152 1412 1197 ὁ

61 1221 104 1262 δέ
140 1236 206 1269 τις
249 1219 337 1261 τῶν
383 1222 551 1262 οἰκείων
589 1217 613 1271 ὴ
657 1236 721 1269 τις
765 1223 1003 1274 ἐπίτροπος
1050 1237 1134 1280 (pq),
1184 1218 1415 1273 διαιτητάς

62 1350 179 1393 refert.

229 1349 282 1380 De
319 1348 576 1390 orthographia
616 1361 647 1384 v.
681 1349 929 1381 Buttmann.
963 1348 1119 1382 Gramm.
1154 1351 1270 1391 Ampl.
1298 1352 1330 1392 ξ.
1356 1351 1411 1386 65.

61 1407 143 1428 ann.
170 1395 201 1429 2.
227 1395 325 1426 Infra
350 1405 382 1435 p.
408 1393 488 1428 934.
517 1396 560 1429 A.
589 1395 729 1428 Bekker
754 1397 828 1427 sine
854 1396 955 1427 codd.
981 1393 1241 1438 ἐλαφραίτερον,

154 1439 226 1482 τὴν
258 1440 331 1472 τοι·
359 1439 491 1471 θείου
516 1440 576 1484 θ.]
604 1443 802 1474 Articulum
829 1442 890 1473 τοῦ
915 1447 1054 1483 praeter
1083 1444 1328 1475 auctoritatem
1354 1453 1411 1475 co-

61 1489 177 1520 dicum
206 1488 289 1527 olim
315 1486 421 1526 vulgo
448 1487 667 1519 omittebant.

154 1533 194 1565 C.
244 1529 377 1565 αὐτὸν
403 1529 474 1563 τὸν
499 1532 765 1574 νομοθέτην]
797 1530 856 1563 τὸν
881 1533 987 1573 vulgo
1013 1533 1136 1565 aberat
1153 1539 1292 1573 praeter
1307 1534 1411 1566 fidem

63 1580 234 1611 codicum.
284 1579 378 1610 Dein
412 1579 516 1610 Voss.
549 1575 568 1609 ὁ
596 1578 632 1610 δέ
663 1591 690 1610 τι
715 1597 759 1602 -
784 1579 820 1609 εἰ·
847 1586 905 1612 τις.

955 1579 1010 1610 De
1040 1584 1116 1610 toto
1152 1580 1232 1611 loco
1264 1581 1411 1622 eiusque

62 1626 347 1667 interpunctione
372 1625 597 1666 exposuimus
623 1627 658 1657 in
684 1625 863 1666 explicatt.

62 1738 108 1770 ad
133 1738 256 1778 Eurip.
282 1737 378 1769 Med.
405 1749 437 1769 v.
463 1738 542 1774 212.
557 1746 592 1771 et
609 1739 700 1774 Plat.

65 1784 163 1825 Reip.
190 1784 239 1816 ΙΙ.
267 1794 299 1824 p.
327 1783 406 1818 382.
434 1788 478 1816 A.

112 1826 130 1861 ὁ
157 1828 204 1871 δὴ
231 1830 308 1861 νῦν
334 1828 463 1872 λόγος
488 1827 584 1872 ἡμῖν
609 1831 701 1871 περὶ

65 1886 91 1905 τ.
119 1875 182 1918 --]
210 1876 254 1907 H.
281 1886 311 1907 e.
350 1872 396 1907 ὥς
429 1874 538 1916 νόμος
571 1876 701 1907 κείσθω

66 1918 141 1952 ὄδεε
166 1922 316 1962 itaque
338 1921 439 1954 haec
464 1923 608 1954 oratio
635 1932 702 1953 no-

65 1972 159 1998 stra
183 1965 378 2008 prolege
409 1969 571 2000 valeat.
608 1968 703 1999 Male

66 2014 222 2045 Astius
256 2011 298 2055 δή
324 2025 388 2044 νυν
411 2013 596 2055 legendum
622 2024 703 2045 cen-

66 2064 135 2098 set,
180 2060 276 2101 quod
318 2059 375 2091 hic
419 2061 560 2100 quidem
603 2061 701 2091 nullo

64 2111 166 2148 pac-to
192 2106 375 2137 ferendum
400 2110 463 2137 est.

109 2150 150 2183 C.
200 2146 220 2193 ἦ
255 2150 338 2193 μὴν
374 2148 601 2193 παρόντα
632 2151 700 2192 -]

65 2196 290 2229 Constructio
325 2208 388 2239 per
420 2199 564 2239 synesin
595 2198 700 2229 facta.

63 2242 202 2284 Quippe
226 2245 262 2275 in
293 2254 503 2285 praegresso
536 2243 701 2285 ἐγκαλῶσι

63 2290 263 2321 continetur
285 2292 383 2321 notio
410 2291 701 2322 confirmandi

65 2339 105 2366 et
141 2336 452 2376 asseverandi3
487 2337 580 2368 unde
614 2337 702 2368 haec

64 2385 148 2422 apta
165 2391 205 2412 ac
223 2391 393 2422 suspensa
408 2386 500 2414 sunt.
518 2401 559 2405 —
582 2380 702 2423 πράτ-

65 2438 154 2458 τειν
181 2425 313 2464 οὕτω,
338 2432 376 2458 ut
400 2428 537 2468 legibus
555 2429 601 2460 sit
620 2439 702 2460 con-

62 2474 238 2505 stitutum:
278 2475 373 2515 quod
402 2474 516 2514 ipsum
549 2475 703 2515 explica-

64 2525 120 2551 tur
139 2520 256 2552 verbis
281 2520 467 2560 proximis:
493 2519 576 2561 μηδὲ
600 2520 703 2562 γῆμαι

68 2566 178 2597 uad..
211 2565 392 2598 Sententia
415 2565 506 2597 enim
529 2567 615 2598 haec
632 2570 703 2598 est:

68 2611 112 2643 Si
133 2612 204 2653 qui
223 2613 272 2644 de
299 2616 565 2643 testamento
584 2613 703 2653 leges

67 2657 263 2699 publicas
290 2659 561 2698 vituperent,
583 2668 703 2699 quum

69 2703 181 2735 alias
207 2704 258 2736 ob
284 2714 479 2743 caussas,
500 2708 585 2734 tum
610 2714 704 2745 pro·

68 2754 163 2790 pter
187 2751 386 2792 nuptias,
411 2751 626 2789 dicenteS,
652 2750 704 2781 si-

112 2816 201 2850 Plat.
228 2816 291 2858 Op.
319 2818 386 2849 Vol
426 2818 470 2851 X.
498 2816 592 2851 Sect.
618 2816 687 2848 ΙΙΙ.

769 1748 818 1770 ne
851 1737 986 1769 dubio
1027 1739 1165 1778 ipsum
1204 1738 1410 1780 legumla-

769 1790 926 1824 torem,
962 1785 998 1815 si
1032 1794 1246 1825 praesens
1288 1785 1407 1817 ades-

770 1835 837 1862 set
891 1836 1023 1871 atque
1080 1831 1265 1870 viveret,
1322 1841 1407 1862 non

771 1882 1025 1908 coacturum
1052 1886 1148 1908 esse
1170 1878 1231 1909 ita
1249 1877 1408 1918 faeere,

770 1922 851 1953 hoc
900 1926 966 1954 est
1021 1931 1198 1954 uxorem
1254 1924 1409 1955 ducere

772 1972 843 1999 aut
872 1968 1054 2007 nubere,
1088 1978 1160 1999 eos
1195 1969 1266 2010 qui
1302 1979 1410 2002 nunc

772 2019 1007 2055 utrumque
1055 2012 1203 2046 facere
1253 2024 1408 2056 cogan-

771 2066 848 2091 tur.
876 2060 999 2101 Itaque
1018 2066 1098 2100 post
1118 2057 1295 2102 γίμασθαι
1316 2071 1409 2092 com-

770 2111 860 2137 mate
885 2106 1102 2146 distinguere
1127 2107 1280 2160 placuit.
1317 2106 1408 2139 Nam

769 2153 1008 2183 accusativus:
1048 2151 1130 2183 τοὺς
1161 2153 1227 2184 νῦν
1260 2147 1408 2193 ἀναγκα-

769 2198 951 2239 ζομὲνους,
985 2199 1114 2239 pendet
1146 2208 1189 2229 ex
1219 2195 1342 2240 μήποτ’
1367 2196 1409 2230 ἂν

769 2241 959 2285 αἰαγκάσαι
986 2242 1157 2284 πράττειν,
1191 2249 1294 2286 atque
1330 2242 1407 2276 ἑκά-

770 2301 858 2330 τερα,
894 2295 962 2322 est:
998 2288 1035 2321 τό
1072 2288 1156 2331 μηδὲ
1189 2290 1292 2331 γῆμαι
1325 2289 1409 2331 μηδὲ

770 2334 958 2378 γήμασθαι.
995 2335 1100 2374 Quod
1118 2346 1162 2367 ne
1182 2337 1260 2377 quis
1276 2337 1313 2368 in
1329 2334 1406 2368 ἑκά-

769 2394 870 2423 τερον
908 2387 1078 2414 mutatum
1118 2382 1220 2422 velit,
1254 2393 1286 2413 v.
1324 2392 1405 2414 ann.

770 2429 812 2460 ad
828 2429 946 2482 Apol.
972 2427 1071 2460 Socr.
1095 2438 1129 2469 p.
1154 2428 1210 2460 22.
1237 2428 1279 2459 Ε.

818 2470 836 2504 ὁ
864 2472 904 2505 δέ
935 2483 993 2506 τις»Ί
1030 2474 1105 2504 τῶν
1141 2472 1314 2505 σι”κειων
1340 2474 1405 2516 -]

772 2521 868 2552 Haec
907 2521 1014 2552 verba
1052 2529 1164 2560 nuper
1206 2520 1406 2552 felicissime

771 2567 952 2607 expedivit
975 2565 1257 2606 Engelhardt.
1309 2567 1406 2598 Ana-

771 2613 900 2644 coluth.
927 2613 1067 2644 Platon.
1094 2610 1244 2653 Specim.
1270 2617 1348 2643 tert.
1372 2623 1407 2654 p.

770 2658 815 2692 32
834 2669 886 2699 sq.
913 2658 949 2690 Is
975 2658 1066 2690 enim
1083 2663 1183 2690 acute
1208 2658 1310 2698 vidit,
1327 2663 1409 2699 post

773 2703 823 2744 φῇ
839 2714 974 2736 comma
999 2714 1075 2735 esse
1100 2705 1314 2744 ponendum,
1335 2704 1409 2735 vul-

772 2760 816 2790 go
867 2755 995 2782 temere
1043 2750 1256 2790 neglectum,
1301 2754 1408 2791 atque

1082 2807 1131 2846 19
