1781 2971
201 580 282 623 904
313 583 340 640 ἢ
375 588 578 640 δευτέρας

311 138 394 181 210

808 136 1188 180 PLATONIS

412 254 513 296 ΑΘ.
569 245 732 308 ἵΗιπερ
767 250 823 295 ἂν
860 256 948 309 ἔχοι
986 253 1123 307 λόγον
1169 251 1373 312 ῥᾳστώνη
1417 255 1662 308 ἐπιμελείας

314 322 444 369 θεοῖς
478 321 566 361 τιῦν
602 318 807 370 πάντων,
842 318 982 379 ταύτῃ
1020 338 1096 375 μοι
1131 322 1243 363 δοκῶ
1282 319 1481 377 ᾳράζειν.
1520 324 1556 362 εὶ
1581 321 1660 374 μὲν

312 384 398 442 γὰρ
437 383 548 441 πρὸς
583 385 633 427 τὸ
669 384 776 429 ὅλον
809 385 879 428 ἀεὶ
914 388 1084 440 βλέπων
1120 385 1310 429 πλάττοι
1345 402 1411 436 τις
1445 401 1663 441 μετασχη-

312 454 506 508 ματίζων
553 450 606 494 τά
653 451 825 502 πάντα,
874 451 970 496 οἷον
1006 458 1050 495 ἐκ
1097 453 1235 508 πυρὸς
1284 450 1401 508 ὕδωρ
1448 456 1662 512 ἔμψυχον,

313 521 386 562 καὶ
420 516 480 574 μὴ
527 518 751 574 ξύμπολλα
789 518 832 571 ἐξ
876 518 974 569 ἑνὸς
1013 518 1035 571 ἦ
1074 525 1118 562 ὲκ
1164 521 1339 562 πολλῶν
1377 523 1436 569 ἓν,
1485 518 1663 576 πρώτης

619 583 635 598 ss

406 718 447 750 E.
491 711 637 759 Ἧιπερ
673 715 720 749 ἂν
758 719 845 759 ἔχοι
880 717 926 760 λη]
964 719 1058 758 εἴπερ
1087 720 1129 750 Α.
1162 729 1192 749 v.
1218 728 1252 749 x.
1279 723 1312 750 et
1337 728 1390 759 pr.
1422 715 1460 750 Ω.
1489 727 1519 750 a.

312 761 418 805 λόγον
444 774 511 795 om.
540 765 583 795 A.
609 769 643 795 et
666 775 717 805 pr.
748 762 785 799 Ω,
811 771 845 796 et
870 761 1060 806 ραισιιόιης
1085 764 1242 796 scribunt
1269 766 1312 796 A.

613 603 638 638 η
675 588 748 629 καὶ
783 589 932 644 τρίτης
968 590 1168 640 γενέσεως
1201 584 1520 645 μετειληφότα,
1554 583 1664 637 πλή-

1570 718 1664 749 Dein

1345 762 1383 796 Ω.
1406 763 1444 797 Ξ.
1475 775 1504 795 v.
1531 763 1554 796 f.
1582 765 1613 797 h.
1636 774 1662 795 r.

310 808 427 842 a.c.3.
447 819 524 841 o.x.
566 809 768 842 Genitivum
793 812 897 842 istum
926 811 1080 852 suscepit
1106 810 1352 850 Sclineiderus‚
1378 811 1438 851 qui
1465 814 1580 841 tamen
1608 820 1664 841 ca-

312 866 371 888 sus
396 866 468 888 non
493 856 651 888 videmus
676 857 852 898 quomodo
879 858 1039 888 excusari
1067 857 1122 887 vel
1149 857 1291 888 defendi
1319 862 1435 897 queat.
1466 856 1536 886 Pro
1566 855 1666 886 θεοῖς

312 902 397 935 Eus.
425 901 528 933 θεου.

405 945 546 986 εἰμὲν
580 943 658 988 γὰρ
698 945 809 988 πρὸς
845 944 887 978 τὸ
926 944 1054 987 ὅλον]
1090 945 1280 978 Verissime
1313 945 1406 977 Flor.
1434 955 1462 978 c.
1504 955 1593 977 corr.
1635 944 1667 975 εἰ

312 991 374 1032 μὲν
399 991 463 1035 γὰρ
489 989 542 1034 μὴ
571 990 660 1034 πρὸς
684 990 721 1023 τὸ
749 990 831 1024 ὅλον
855 989 905 1023 ἀεὶ
933 1004 961 1024 κ.
990 1005 1014 1024 τ.
1043 994 1068 1024 λ.
1080 1017 1088 1031 ,
1116 992 1211 1033 quod
1235 1001 1298 1032 per
1329 992 1524 1023 sententiae
1557 991 1665 1023 ratio-

314 1049 392 1071 nem
413 1040 547 1080 requiri
571 1040 607 1070 in
633 1039 807 1080 explieatt.
835 1039 1062 1072 ostendimus.

313 1129 497 1161 Phaedon.
524 1139 559 1170 p.
584 1128 640 1163 81.
675 1145 716 1149 —
749 1126 954 1169 μεταβάλ-

315 1177 377 1207 λει
403 1175 618 1206 παντοίας
641 1184 722 1213 μετ.
744 1193 785 1197 -
806 1172 956 1215 ψυχήν,

315 1223 465 1253 varias
492 1221 819 1261 etmultiplices
835 1221 958 1252 subit

314 1269 589 1300 mutationes
624 1268 693 1298 vel
722 1277 795 1307 per
820 1271 957 1298 semet

317 1314 454 1355 ipsam
492 1314 565 1345 vel
606 1322 682 1353 per
720 1313 836 1344 alias
868 1313 956 1344 ani-

316 1370 416 1391 mas.
448 1378 492 1383 —
519 1359 571 1401 τῷ
604 1358 834 1398 πεττευτῇ,
867 1359 899 1389 h.
928 1369 956 1389 e.

316 1407 382 1437 deo
412 1410 579 1446 tanquam
613 1404 767 1436 calculos
800 1405 957 1445 ponenti,

316 1452 397 1483 dum
443 1451 559 1482 omnia
595 1451 772 1491 sapienter
817 1451 958 1481 ordinat

318 1508 358 1530 ac
397 1498 563 1538 disponit.
625 1496 873 1537 Metaphoram
912 1497 956 1527 ob

315 1545 504 1584 insequens
535 1542 768 1582 μετατιθέναι,
803 1542 897 1583 quod
921 1544 957 1574 in

316 1591 394 1621 lusu
407 1590 619 1621 calculorum
632 1589 771 1628 dicitur,
789 1589 958 1620 delectam

317 1646 394 1668 esse
409 1637 529 1676 liquet.
545 1653 588 1658 —
603 1633 666 1666 εἰς
682 1635 755 1674 βε).
767 1636 886 1665 τίω-
897 1634 957 1665 εἰς

317 1679 391 1713 τὸν
417 1682 601 1721 χείρονα,
627 1682 748 1712 eadem
768 1681 960 1712 formarum

316 1728 560 1759 vicissitudine
585 1727 677 1758 Tim.
704 1738 736 1768 p.
765 1725 821 1759 39.
850 1728 892 1758 A.
921 1724 958 1756 τὰ

313 1772 374 1813 μὲν
403 1770 464 1804 τὸν
486 1771 618 1809 ἐλάττω,
645 1770 682 1804 τὰ
706 1771 742 1804 δὲ
767 1770 828 1803 τὸν
853 1773 958 1814 κρείτ-

316 1830 427 1855 tova-

359 1888 402 1919 E.
431 1880 576 1929 Ἧιπερ
605 1884 655 1919 ἂν
680 1888 771 1928 ἔχοι
798 1885 954 1929 λόγον]

314 1933 547 1967 Quomodo
617 1939 957 1966 consentaneum

315 1981 372 2011 sit
419 1981 523 2011 deos
582 1979 713 2012 facili
767 1981 956 2020 negotio

315 2035 470 2066 gerere
502 2027 687 2058 omnium
721 2036 865 2057 rerum
891 2037 956 2058 cu-

315 2081 415 2103 ram.
483 2071 686 2104 Formulam
730 2070 836 2113 λόγον
873 2071 958 2113 ἔχειν

315 2117 568 2149 illustravimus
594 2119 639 2150 ad
664 2118 732 2149 IX.
756 2129 789 2159 p.
811 2117 889 2152 860.
911 2118 955 2149 D.

362 2185 493 2225 εἰμὲν
525 2183 602 2227 γὰρ
629 2185 737 2228 πρὸς
773 2184 820 2217 τὸ
855 2183 957 2217 ὅλον

317 2228 406 2274 ἀεὶ]
432 2232 662 2269 Facilitatem,
680 2242 749 2274 qua
769 2232 817 2263 dii
843 2233 961 2264 onmia

317 2289 440 2310 curare
487 2283 633 2320 queant,
678 2278 804 2310 exinde
842 2283 963 2310 censet

314 2325 467 2366 intelligi
491 2334 607 2366 posse,
630 2325 726 2365 quod
751 2326 858 2356 totius
883 2325 960 2356 uni-

317 2372 410 2403 versi
436 2371 557 2402 habita
580 2371 718 2402 ratione
740 2372 865 2412 cuique
882 2381 960 2402 eum

314 2417 432 2450 locum
448 2418 653 2455 attribuant,
670 2417 784 2458 inquo
795 2417 962 2449 facillime

318 2464 450 2495 virtute
475 2464 587 2504 possit
611 2463 730 2504 potiri.
787 2461 962 2501 Quocirca

319 2509 378 2541 hic
403 2510 438 2541 in
464 2510 598 2550 protasi
626 2509 721 2540 aliud
748 2509 963 2550 qnidrequi-

319 2556 425 2593 titur,
452 2561 557 2596 quam
585 2555 679 2596 quod
705 2556 742 2587 in
768 2556 867 2588 libris
891 2555 963 2587 fere

319 2602 554 2642 perscriptum
571 2605 677 2633 extat.
701 2601 903 2643 Legendum
922 2611 965 2632 ex

320 2647 419 2679 Flor.
447 2647 599 2688 quodam
622 2647 730 2679 libro:
760 2646 794 2679 εἰ
816 2645 877 2687 μὲν
901 2644 966 2688 γὰρ

318 2690 370 2735 μὴ
397 2690 487 2734 πρὸς
513 2689 551 2725 τὸ
580 2690 663 2724 ὅλον
690 2704 718 2724 κ.
746 2704 760 2724 t
795 2693 823 2726 λ.
849 2693 965 2726 deleto

310 2745 493 2781 praeterea
544 2744 713 2772 commate
749 2740 855 2782 vulgo
888 2743 968 2781 post

1025 1126 1063 1159 ἐκ
1087 1129 1221 1160 πολλῶν
1246 1128 1283 1159 ἕν
1317 1128 1549 1170 interposito,
1575 1135 1666 1159 nam

1026 1175 1062 1206 si
1090 1176 1190 1216 quis
1216 1184 1298 1206 non
1325 1175 1376 1206 ad
1401 1178 1539 1206 totum
1564 1183 1667 1205 sem-

1026 1230 1100 1261 per
1140 1221 1388 1262 respiciens
1432 1220 1574 1260 fingat
1620 1229 1669 1250 ac

1025 1271 1158 1298 mutet
1191 1267 1353 1306 omnia,
1387 1266 1528 1297 veluti
1554 1265 1590 1296 si
1615 1274 1668 1296 ex

1024 1313 1124 1353 igne
1139 1313 1249 1350 (nulla
1261 1314 1369 1344 totius
1384 1312 1504 1344 habita
1515 1312 1667 1352 ratione)

1025 1364 1241 1399 protenus
1266 1368 1414 1400 aquam
1440 1358 1592 1396 faciat,
1619 1366 1667 1388 ac

1025 1405 1059 1436 si
1087 1415 1169 1435 non
1196 1405 1332 1436 multa
1356 1414 1405 1435 ex
1425 1414 1508 1443 uno
1525 1408 1596 1435 aut
1619 1412 1668 1435 ex

1025 1451 1174 1482 multis
1200 1461 1327 1481 unum
1353 1451 1420 1482 ita
1445 1450 1601 1490 fingat,
1623 1453 1669 1479 ut

1026 1500 1098 1527 aut
1121 1497 1306 1538 primam
1332 1500 1410 1527 aut
1428 1496 1668 1528 secundam

1025 1546 1100 1574 aut
1125 1543 1306 1574 tertiam
1325 1542 1668 1583 generationem

1026 1590 1377 1627 nanciscantur,
1409 1588 1461 1627 (h.
1498 1597 1526 1618 e.
1561 1596 1668 1628 quae-

1027 1644 1093 1675 que
1119 1645 1188 1666 non
1226 1645 1290 1675 pro
1315 1643 1377 1665 sua
1413 1634 1587 1675 dignitate
1616 1633 1668 1664 lo·

1028 1691 1103 1711 cum
1137 1691 1236 1712 suum
1271 1680 1462 1720 accipiant,
1495 1680 1555 1711 sed
1588 1688 1668 1720 pro-

1028 1727 1158 1758 miscue
1207 1736 1246 1757 ae
1297 1731 1426 1757 temere
1467 1723 1666 1766 mutentur)

1027 1772 1315 1803 multitudine
1351 1772 1541 1804 infinita
1581 1771 1668 1802 fue-

1026 1819 1087 1849 rit
1112 1818 1416 1859 transpositio
1457 1822 1498 1848 et
1527 1819 1669 1849 immu-

1026 1865 1157 1896 tatio.
1214 1864 1345 1895 Verum
1378 1865 1427 1896 ita
1462 1873 1567 1905 quum
1598 1864 1669 1894 iam

1026 1917 1196 1951 apparere
1222 1910 1395 1950 videatur,
1420 1919 1591 1951 quaenam
1616 1913 1669 1940 to·

1028 1958 1096 1988 tius
1121 1957 1190 1988 loci
1216 1957 1388 1988 sententia
1419 1957 1481 1998 εἰη
1515 1965 1592 1988 nam
1624 1955 1668 1986 de

1025 2004 1154 2043 prima,
1187 2003 1341 2035 secunda
1372 2007 1406 2033 et
1432 2003 1537 2034 tertia
1562 2010 1668 2042 gene-

1026 2049 1163 2080 ratione
1188 2059 1288 2080 nemo
1315 2049 1469 2089 ambiget
1494 2048 1552 2089 qui
1574 2048 1668 2089 lege·

1025 2095 1071 2126 rit
1102 2094 1194 2126 Tim.
1231 2105 1264 2135 p.
1290 2094 1347 2128 42.
1383 2094 1423 2125 B.
1456 2094 1519 2134 C.;
1552 2098 1667 2125 tamen

1025 2141 1061 2172 in
1087 2141 1236 2181 singulis
1259 2141 1449 2172 etiamnum
1468 2143 1668 2180 supersunt,

1028 2197 1118 2227 quae
1167 2196 1269 2227 quem
1316 2186 1418 2217 facile
1473 2189 1666 2216 morentur.

1027 2232 1202 2270 Quorsum
1227 2233 1376 2273 primum
1400 2232 1552 2272 pertinet
1572 2231 1666 2263 istud

1027 2276 1122 2318 ὕδωρ
1143 2278 1305 2318 ἔμψυχον.
1330 2277 1420 2309 Nam
1438 2278 1532 2318 quod
1556 2279 1608 2308 As
1619 2277 1668 2308 ti·

1027 2335 1075 2356 us
1101 2325 1187 2355 illud
1209 2324 1355 2364 intelligi
1382 2324 1494 2355 voluit
1521 2324 1563 2355 de
1585 2324 1668 2364 igne

1028 2371 1136 2402 veluti
1162 2371 1243 2403 vivo
1271 2371 1423 2411 quodam
1440 2379 1554 2402 rerum
1573 2370 1668 2411 prin-

1027 2417 1132 2458 cipio,
1179 2416 1282 2457 quale
1328 2417 1490 2448 statuerit
1530 2418 1669 2456 praeter

1030 2463 1118 2495 alios
1161 2460 1434 2501 Heraclitus,
1480 2462 1538 2504 qui
1581 2464 1668 2493 teste

1031 2508 1240 2540 Clement.
1268 2509 1388 2539 Alex.
1416 2506 1546 2539 Strom.
1572 2507 1615 2538 V.
1631 2517 1666 2548 p.

1029 2555 1108 2588 712.
1135 2555 1311 2593 docuerit,
1337 2555 1452 2595 iguem
1478 2553 1602 2585 mutari
1629 2553 1666 2584 in

1029 2611 1165 2643 aquam,
1192 2606 1228 2632 nt
1252 2610 1369 2632 semen
1395 2603 1488 2632 esset
1511 2599 1668 2630 omnium

1031 2657 1162 2685 rerum3
1192 2647 1228 2678 id
1255 2646 1394 2688 quidem
1425 2645 1468 2678 ab
1492 2645 1560 2676 hoc
1589 2645 1668 2676 loco

1033 2693 1172 2725 videtur
1183 2693 1285 2734 plane
1300 2692 1453 2724 alienum
1467 2700 1555 2731 esse,
1569 2691 1669 2733 quip-

1033 2749 1075 2780 pe
1101 2748 1170 2781 quo
1195 2747 1267 2771 non
1291 2738 1358 2770 nisi
1384 2737 1428 2770 de
1456 2746 1571 2770 rerum
1596 2745 1669 2769 om-
