1781 2971
287 151 367 191 528
588 145 896 188 INCERTI
940 147 1320 192 AUCTORIS

287 269 356 308 καὶ
394 263 691 319 ἀνθρώπους,
733 264 785 306 οὐ
823 264 1007 321 σχήμασι
1047 268 1336 320 τεχναζοντας
1373 265 1486 308 ἀλλὰ
1525 267 1630 317 άλη-

201 325 242 365 Ῐ)
290 337 396 388 θείᾳ
434 333 650 387 τιμῶντας
688 331 873 385 ἀρετήν.
912 331 934 374 ὃ
972 333 1025 383 δὴ
1061 339 1132 374 και
1168 332 1368 388 μεγιστόν
1405 341 1495 375 ἐστι
1529 335 1632 386 ξυμ-

284 401 464 444 πάντων
502 398 619 458 πάσῃ
657 400 707 458 τῇ
745 399 881 442 πόλει.
921 402 1053 443 τοῦτο
1087 403 1138 452 δι’]
1176 395 1255 443 οὖν
1284 399 1332 443 τὸ
1367 406 1496 455 μέρος
1524 400 1634 442 εἶναι’

284 485 431 527 φαμεν
468 466 596 526 φύσει
632 466 902 518 κυριώτατον
925 471 996 509 και
1034 468 1224 509 δυνατὸν
1248 465 1305 517 ὡς
1335 466 1431 510 οἷον
1461 485 1503 510 τε
1531 470 1632 510 καλ-

285 540 411 579 λιστα
449 537 519 576 καὶ
555 532 714 587 ἄριστα
751 537 934 586 μαθεῖν,
973 538 1008 576 εὶ
1047 536 1244 578 διδάσκοι
1284 552 1362 583 τις.
1400 533 1491 576 ἀλλ’
1533 532 1627 577 οὐδ’

284 602 343 646 ἄν
381 602 611 654 διδάξειεν,
650 606 685 642 εὶ
722 599 780 654 μὴ
821 601 932 650 θεὸς
967 599 1206 657 ὑᾳηγοῖτο·
1247 606 1279 643 εὶ
1318 602 1355 643 δ’
1398 595 1478 644 οὖν
1514 601 1634 643 διδά-

285 688 395 719 σκοι,
433 667 544 711 κατὰ
585 666 753 722 τρόπον
789 670 831 710 δὲ
870 669 928 721 μὴ
962 671 1048 722 δρῴ
1093 667 1140 711 τὸ
1181 672 1401 720 τοιοῦτον,
1438 677 1634 722 κρεῖττον

285 739 345 794 μὴ
382 734 653 792 μανθάνειν,
692 733 809 788 ὅμως
845 734 881 778 δ’
924 740 967 777 ὲκ
1005 738 1092 778 τῶν
1128 739 1207 778 νῦν
1245 739 1488 790 λεγομένων
1522 735 1636 778 ἀνά-

286 824 383 859 γκη,
420 806 590 857 μαθεῖν
629 804 769 843 ταῦτα
817 806 887 844 καὶ
926 805 996 857 ἐμὲ
1034 805 1170 853 λέγειν
1208 802 1289 853 τὴν
1341 803 1551 855 τοιαύτην
1589 819 1633 844 τε

379 933 421 964 D.
471 930 516 962 τὸ
550 932 679 974 μέρος
713 927 829 964 εἶναι’
858 935 1016 972 φαμεν]
1047 929 1149 969 εἶναι,
1181 933 1275 974 quod
1300 937 1383 964 vett.
1412 932 1510 965 editt.
1534 932 1634 972 igno-

287 985 381 1019 rant,
407 988 450 1010 ex
478 975 597 1009 ΑΩΖ
626 980 723 1012 ‘Voss
750 990 780 1010 r.
808 976 838 1009 δ.
866 980 1062 1010 restitutum
1088 984 1151 1011 est.

288 1029 382 1066 Aug.
408 1029 442 1056 et
467 1035 576 1065 marg.
607 1023 644 1056 Ω.
669 1036 701 1057 a.
728 1036 756 1056 c.
785 1024 814 1056 δ.
843 1035 872 1055 ο.

1203 979 1293 1010 Dein
1328 977 1439 1019 φαμὲν
1469 976 1505 1008 ἑν
1531 975 1636 1016 φύσει

381 1068 435 1101 ὡς
465 1067 560 1102 οἱόι
593 1082 632 1102 τε
663 1069 876 1113 κάλλιστα,
887 1070 896 1112 ]
927 1070 963 1101 V.
991 1068 1130 1108 μάλιστα
1154 1069 1274 1100 invitis
1300 1069 1402 1100 codd

381 1128 416 1148 ει
443 1113 476 1147 δ’
504 1111 579 1148 οὖν
605 1116 826 1158 διδάσκοι]
850 1107 912 1148 'Sic
939 1114 1012 1150 ΖΞ
1034 1127 1066 1147 x.
1095 1126 1123 1147 r.
1141 1115 1236 1146 Flor.
1262 1126 1293 1147 a.
1321 1126 1349 1148 ο.
1377 1113 1405 1145 δ.
1429 1125 1459 1145 ο.
1486 1120 1520 1146 et
1545 1124 1634 1146 corr

290 1231 426 1263 facile
463 1237 725 1271 nascuntur,
762 1232 824 1262 ita
855 1229 928 1260 ubi

289 1284 389 1309 orta
425 1282 582 1309 rectam
623 1278 929 1309 educationem

289 1335 335 1357 ae
361 1324 646 1364 disciplinam
667 1323 931 1365 acceperint,

290 1371 510 1413 plurimos
549 1371 768 1409 vicissim,
805 1368 929 1400 etiam

290 1417 571 1458 deteriores,
620 1415 932 1447 rectissime

292 1464 469 1504 possint
495 1463 727 1494 continere
759 1459 931 1502 sapien-

291 1511 370 1549 do,
418 1508 609 1550 agendo,
654 1509 845 1549 denique
884 1507 932 1538 de

292 1556 384 1587 diis
413 1554 592 1595 singula
622 1555 682 1586 ita
715 1554 932 1593 dicendo,

292 1606 337 1633 ut
372 1603 431 1633 iis
464 1602 698 1633 conveniat
737 1606 777 1631 et
804 1609 932 1641 quan-

292 1649 343 1679 do
373 1648 622 1679 conveniat.

340 1705 389 1725 ου
437 1691 618 1734 σχήμασι
657 1689 934 1732 τεχνάζονιας

294 1740 353 1780 -]
385 1740 430 1771 Η.
458 1748 487 1770 e.
520 1735 603 1770 ὥςιε
631 1736 759 1770 αυτούς
786 1733 829 1768 ου’
854 1734 934 1778 σχή-

293 1795 375 1826 μασι
411 1783 628 1825 τεχιᾰζοιτας
663 1780 749 1815 εἶναι
784 1794 812 1814 κ.
847 1794 871 1814 τ.
906 1784 932 1814 λ.

295 1833 479 1864 Pertinent
523 1832 614 1862 enim
659 1830 847 1871 partieipia
888 1829 932 1860 ad

296 1876 378 1909 τούς
404 1878 592 1909 πλείστους.
652 1878 823 1908 Dicuntur
850 1886 932 1906 vero

296 1922 439 1966 σχήμασι
488 1922 652 1963 τεχνάζειν
687 1919 825 1963 ἀρετήν,
873 1922 933 1963 qui

296 1976 396 2013 gestu
423 1975 457 2001 et
481 1971 602 2001 habitu
629 1970 753 2001 callide
783 1969 932 2009 speciem

296 2018 435 2049 virtutis
471 2018 702 2055 mentiuntur,
751 2020 787 2046 ut
830 2015 934 2045 hodie

296 2073 437 2105 quoque
476 2063 612 2100 faciunt
652 2066 865 2093 veteratores
900 2071 936 2091 a·

295 2111 378 2141 stuti
406 2109 562 2150 quidem,
590 2109 650 2139 sed
678 2108 829 2139 maxima
855 2117 936 2137 eon-

295 2157 464 2188 temtione
488 2156 606 2195 digni,
640 2155 776 2185 virtutis
805 2159 839 2184 et
863 2154 937 2193 pie-

295 2203 377 2234 tatis
410 2201 528 2233 callidi
565 2200 804 2238 simulatores,
849 2209 935 2240 quos

297 2249 382 2280 haee
402 2252 509 2290 aetas,
527 2247 614 2288 proh
634 2247 749 2278 dolor!
765 2246 936 2287 plurimos

297 2295 433 2326 extulit.
485 2293 625 2324 Utinam
650 2303 731 2324 vero
747 2291 936 2332 aliquando

298 2339 534 2381 ιετεχνασμένη
564 2340 631 2370 ista
657 2340 767 2370 virtus
800 2348 840 2369 ao
864 2337 936 2377 pie-

297 2393 350 2420 tas
376 2398 397 2419 a
421 2387 506 2417 viris
533 2386 698 2426 gravibus
725 2391 759 2416 et
783 2383 936 2415 cordatis

297 2445 360 2475 pro
394 2433 519 2465 merito
551 2432 800 2472 castigaretur!
851 2429 936 2460 Nul-

298 2481 366 2511 lum
387 2480 478 2511 enim
497 2478 670 2510 humanae
684 2477 842 2509 societati
859 2485 937 2515 gra-

298 2528 374 2557 vius
390 2526 514 2557 vulnus
526 2524 710 2566 infligitur,
725 2533 825 2565 quam
840 2521 931 2563 quod

298 2573 532 2613 proficiscitur
558 2581 578 2602 a
604 2572 671 2612 piis
697 2571 773 2602 istis
795 2567 933 2600 menda-

297 2619 360 2649 ciis
392 2623 425 2648 et
458 2617 737 2648 simulationibus
778 2613 934 2646 veritatis

298 2664 415 2696 studio
438 2664 709 2702 nocentissimis,
735 2663 769 2693 h.
787 2671 815 2694 e.
832 2668 934 2691 verne

299 2711 438 2742 virtutis
464 2710 702 2742 fundamento.

345 2756 388 2787 D.
440 2755 574 2786 τοῦτο
605 2753 654 2796 δὴ
682 2750 758 2786 οὖν
792 2751 834 2783 τὸ
868 2750 934 2790 μέ-

1000 1236 1074 1268 ρος
1109 1224 1223 1259 εἶναι’
1257 1228 1414 1269 φαμεν]
1460 1227 1561 1258 τοῦτο
1599 1225 1634 1258 td

998 1274 1102 1314 μέρος
1127 1274 1294 1314 intelligit
1323 1284 1397 1305 eam
1423 1279 1557 1314 partem
1589 1274 1636 1305 ci-

1000 1322 1107 1360 vium,
1132 1331 1220 1362 quae
1239 1321 1301 1351 tali
1321 1321 1454 1361 ingenii
1479 1320 1637 1352 bonitate

999 1368 1168 1398 instructa
1202 1367 1257 1398 sit.
1286 1384 1329 1390 —
1361 1365 1402 1397 εί
1431 1364 1637 1397 διδάσκοι

1001 1421 1078 1449 τις,
1104 1414 1142 1444 si
1174 1413 1267 1453 quis
1294 1412 1412 1443 illud
1438 1413 1636 1445 edoceat.

1000 1478 1040 1482 ——-
1068 1456 1305 1498 διδάξειει,
1331 1469 1378 1491 se.
1406 1466 1465 1490 us

1045 1504 1084 1536 εἰ
1117 1501 1151 1536 δ’
1179 1500 1257 1536 οὖν
1290 1502 1516 1543 διδάσκοι]
1544 1502 1638 1536 Seri-

1000 1552 1131 1593 psimus
1174 1562 1267 1582 nune
1303 1547 1337 1582 δ’
1376 1547 1442 1582 οὖν
1483 1560 1546 1592 pro
1583 1560 1638 1590 eo,

1003 1598 1096 1639 quod
1122 1608 1197 1629 cum
1223 1597 1426 1629 Bekkero
1460 1597 1541 1628 olim
1566 1597 1639 1628 edi-

1003 1645 1116 1675 dimus
1153 1643 1316 1685 quodque
1344 1643 1502 1674 videmus
1534 1644 1639 1674 etiam

1001 1700 1022 1722 a
1055 1689 1336 1721 Schneidero
1371 1694 1405 1720 et
1431 1689 1639 1721 Herman-

1003 1746 1052 1767 no
1080 1741 1254 1767 servatum
1280 1744 1355 1766 esse
1382 1730 1410 1765 τ’
1449 1730 1523 1766 οὖν.
1575 1736 1639 1766 At-

1003 1782 1062 1823 qui
1080 1783 1254 1813 sententia
1269 1781 1354 1812 haee
1372 1785 1443 1812 est:
1472 1780 1541 1812 sed
1565 1779 1640 1812 hoc

1001 1827 1164 1869 quidem
1206 1831 1420 1869 utcunque
1454 1837 1542 1859 sese
1574 1825 1639 1857 lm-

1001 1873 1082 1914 bet,
1117 1875 1152 1904 si
1190 1879 1329 1905 tamen
1356 1873 1530 1912 doceat,
1563 1882 1641 1904 nee

1002 1930 1101 1951 vero
1135 1920 1174 1950 id
1212 1924 1333 1951 recte
1369 1919 1524 1958 faciat,
1562 1928 1641 1950 me-

1003 1968 1085 1998 lius
1133 1967 1218 1997 erit
1257 1966 1430 1997 omnino
1464 1974 1545 1996 non
1584 1965 1640 1996 di-

1002 2023 1137 2044 scere.
1179 2012 1232 2043 De
1257 2012 1438 2053 particulis
1465 2007 1499 2042 δ’
1527 2006 1592 2042 οὖν
1610 2022 1642 2042 ν.

1003 2060 1047 2091 ad
1076 2058 1283 2099 Euthydem.
1300 2068 1332 2099 p.
1353 2057 1430 2091 275.
1451 2057 1495 2089 D.
1523 2056 1641 2098 Symp-

1004 2116 1035 2146 p.
1068 2104 1144 2138 180.
1172 2105 1211 2135 E.

1049 2151 1202 2189 μαθεῖν
1230 2149 1357 2179 ταῦτα
1384 2148 1451 2178 καὶ
1485 2146 1555 2186 ἐμὲ
1584 2146 1639 2177 λέ-

1005 2208 1096 2239 γειν
1123 2196 1180 2237 -]
1222 2196 1290 2226 Pro
1319 2193 1438 2229 ταῦτα,
1464 2193 1556 2234 quod
1582 2203 1641 2224 ex-

1004 2244 1153 2285 plicatur
1190 2241 1303 2272 verbis
1334 2239 1640 2279 consequentibus,

1005 2299 1046 2320 ne
1072 2289 1150 2329 quis
1177 2287 1332 2327 requirat
1359 2285 1471 2321 τοῦτο,
1495 2286 1640 2326 plurati-

1003 2345 1081 2365 vum
1114 2343 1293 2365 numerum
1325 2331 1462 2362 abunde
1495 2332 1641 2362 tuebun-

1002 2387 1058 2411 tur
1084 2389 1171 2420 quae
1198 2379 1396 2409 notavimus
1421 2377 1466 2409 ad
1486 2378 1639 2418 Apolog.

1005 2426 1103 2458 Socr.
1139 2436 1172 2466 p.
1202 2425 1256 2457 19.
1285 2424 1326 2454 D.
1363 2424 1494 2455 Phaed.
1530 2434 1561 2464 p.
1585 2423 1641 2457 62.

1005 2473 1046 2504 D⁴
1076 2483 1107 2512 p.
1135 2471 1189 2505 70.
1216 2471 1260 2501 Ι).
1288 2469 1397 2511 Gorg.
1426 2480 1460 2511 p.
1487 2469 1567 2503 447.
1595 2470 1639 2501 A.

1003 2519 1165 2550 Praestat
1200 2523 1313 2548 tamen
1344 2517 1511 2555 sortasse,
1548 2525 1640 2546 com-

1003 2570 1093 2596 mate
1120 2569 1199 2606 post
1225 2563 1326 2594 ταῦτα
1351 2563 1501 2601 sublato,
1527 2562 1641 2592 locum

1003 2610 1225 2651 interpretari
1269 2609 1362 2640 hunc
1402 2609 1437 2639 in
1484 2607 1641 2639 modum:

1006 2662 1311 2689 verumtamen
1349 2664 1396 2686 ex
1438 2654 1493 2685 iis
1532 2663 1642 2694 quae

1007 2713 1114 2736 nunc
1145 2703 1349 2734 die-untur
1385 2699 1640 2732 necessario

1007 2749 1318 2789 oonsequitur,
1366 2755 1425 2778 me
1459 2751 1641 2786 'quoque
