1781 2971
322 117 406 156 432
798 115 1174 158 PLATONIS

322 233 394 272 καὶ
431 232 511 283 γῆς
545 233 618 273 καὶ
656 233 826 274 πολλῶν
861 232 1007 274 ἄλλων
1040 232 1227 291 ἀψύχων
1261 231 1494 288 σωμάτων,
1528 236 1672 278 ὁιανε·

321 298 498 350 μόντων
536 298 617 348 τας
653 303 797 348 αἰτίας
833 300 1000 349 παντὸς
1037 302 1115 342 τοῦ
1151 300 1331 354 κόσμου.
1370 300 1486 343 ταῦτ’
1526 294 1581 353 ἦν
1613 300 1667 343 τὰ

322 365 422 407 τότε
459 365 762 420 ἐξειργασμένα
800 368 966 416 πολλάς
1011 366 1274 419 ἀθεότητας
1312 371 1383 409 καὶ
1427 370 1670 423 δυςχερείας

322 433 410 472 τῶν
456 433 668 475 τοιούτων
712 431 956 477 ἅπτεσθαι.
1001 436 1072 475 καὶ
1110 435 1161 484 δι’]
1201 437 1274 476 καὶ
1318 436 1590 491 λοιδορήσεις
1623 453 1668 488 γε

321 500 527 551 ἐπῆλθον
554 508 770 552 ποιηταῖς,
806 502 910 551 τοὺς
937 503 1302 558 φιλοσοφοῦντας
1336 504 1433 544 κυσὶ
1458 505 1670 555 ματαίαις

321 563 645 619 ἀπεικάζοντας
676 572 968 621 χρωμέναισιν
989 566 1186 618 ὑλακαῖς,
1221 568 1336 610 ἄλλα
1362 567 1399 610 τ’
1429 562 1486 611 αὖ
1512 568 1662 621 ἀνόητ’

321 638 467 676 εἰπεῖν.
507 635 589 675 νῦν
624 637 680 683 δὲ,
716 632 825 689 ὅπερ
862 636 1042 690 εἴρηται,
1081 637 1172 676 πᾶν
1209 635 1477 679 τούναντίον
1511 643 1608 691 ἔχει.

425 702 524 744 ΚΛ.
598 704 726 753 Πῶς-ς

422 765 533 828 Cap.
574 766 703 811 XIV.
780 770 871 811 ΑΘ.
947 767 1037 810 Οὐκ
1075 772 1165 810 ἔστι
1204 771 1309 810 ποτὲ
1356 773 1565 822 γενέσθαι
1597 771 1667 824 βε-

319 836 454 887 βαίως
489 837 683 890 θεοσεβῆ
719 837 905 888 θνητῶν
939 835 1201 890 ανθρώπων
1238 835 1412 890 oedem,
1449 834 1498 886 ὃς
1522 834 1580 879 ἂν
1604 835 1665 892 μὴ

322 967 443 1006 gantia
468 972 536 1005 est,
562 972 599 997 ut
625 976 699 997 eam
725 968 823 998 iuvet
847 977 922 998 cum
950 968 1082 1008 optimo
1111 966 1191 998 Par.
1216 970 1253 996 Α.
1283 973 1316 997 et
1348 966 1446 998 Voss.
1471 967 1518 1000 X.
1544 977 1666 1008 perpe-

321 1019 381 1043 tuo
409 1013 509 1042 tueri.

415 1056 458 1088 τὰ
495 1056 591 1089 τότε
626 1057 965 1099 ἐξειργασμένα]
1005 1056 1256 1098 ἐξεργασάμενοι
1288 1067 1397 1098 marg.
1431 1058 1599 1090 librorum
1627 1062 1665 1091 Α.

327 1101 364 1134 Ω.
391 1113 421 1136 a.
449 1115 476 1135 c.
506 1115 536 1135 ο.
562 1115 596 1135 x.
621 1106 714 1137 uude
742 1116 811 1137 non
839 1105 1013 1137 debebant
1039 1104 1249 1135 Turicenses
1279 1105 1445 1144 recipere.

414 1148 692 1192 λοιδορήσεις
729 1163 770 1193 γε
802 1150 1016 1191 ἐπῆλθον]
1051 1161 1083 1180 τε
1115 1160 1178 1190 pro
1213 1161 1250 1191 γε
1277 1151 1398 1190 Augei.
1426 1161 1456 1181 v.
1484 1155 1518 1182 et
1541 1160 1592 1191 pr.
1626 1153 1663 1181 Α.

326 1193 364 1226 Ω.
413 1196 506 1227 Dein
540 1207 602 1238 pro
639 1198 729 1238 vulg,
766 1197 1004 1238 ἀπεικάζοντες
1027 1206 1069 1226 ex
1100 1200 1138 1227 A.
1169 1194 1207 1227 Ω.
1233 1197 1270 1229 Ξ,
1297 1196 1322 1227 f.
1348 1207 1376 1227 r.
1402 1206 1432 1226 a.
1459 1207 1487 1230 c
1516 1195 1545 1230 ὅ.
1573 1207 1603 1227 ο.
1629 1206 1662 1227 x.

321 1245 565 1274 revocavimus
591 1254 666 1274 cum
691 1245 770 1275 auis
797 1240 1071 1284 ἀπεικάζοι-τας.

413 1289 456 1343 D.
507 1285 606 1320 ἄλλα
643 1301 656 1319 z
710 1301 763 1321 αυ
799 1302 849 1321 αι
860 1301 934 1331 οητ
987 1288 1150 1326 ειπεῖν]
1204 1287 1292 1318 vett.
1325 1288 1424 1319 editt.
1463 1286 1543 1319 ἄλλα
1569 1284 1664 1320 ταῦτ’

319 1329 440 1374 avo'rt'
467 1333 582 1368 εἰπεῖν.
614 1335 690 1367 Par.
718 1338 761 1367 A.
789 1343 823 1368 et
853 1337 948 1368 Voss.
976 1345 1008 1365 x.
1039 1335 1075 1365 in
1100 1343 1208 1374 marg.
1235 1331 1316 1364 ἄλλα
1343 1345 1375 1364 τε
1400 1332 1590 1375 ἀνόητα-
1617 1334 1663 1366 εί-

321 1384 407 1411 πεῖν.

458 1380 528 1413 Sed
556 1392 673 1413 verum
699 1383 734 1413 in
761 1393 869 1423 marg.
897 1381 1128 1434 perscriptum
1155 1380 1322 1411 exhibent
1346 1380 1664 1414 Vat..rz.etF101-.

319 1437 350 1458 a.
378 1437 406 1458 e.
434 1425 464 1458 δ.
492 1425 574 1458 ἄλλα
602 1424 631 1458 τ’
664 1422 707 1459 αὖ
739 1424 862 1470 ἀνόητ’
895 1429 1010 1460 εἰπεῖν.
1037 1427 1133 1458 unde
1156 1431 1252 1467 patet
1277 1426 1459 1458 lectionem
1486 1427 1663 1469 vulgatum

320 1515 514 1557 ὀμμάτων
536 1518 601 1561 --]
634 1519 818 1553 Genitivus
847 1517 955 1550 διανε-

318 1563 452 1603 μόντων
495 1566 598 1596 Astio
642 1567 756 1598 iudice
792 1566 956 1597 liberiore

318 1613 592 1643 constructionis
633 1613 747 1644 forma
782 1619 860 1653 post
895 1607 956 1642 αὐ-

320 1661 400 1694 τοῖς,
425 1659 593 1697 dativum,
619 1659 795 1690 subiectus
821 1663 888 1696 est,
915 1658 957 1689 de

319 1714 388 1744 quo
415 1714 480 1735 usu
506 1714 534 1736 v.
562 1704 671 1744 Legg.
700 1704 794 1736 Vin.
822 1714 853 1744 p.
876 1703 956 1737 829.

315 1750 360 1783 D.
387 1749 435 1780 X.
461 1760 494 1791 p.
519 1749 597 1783 887.
624 1751 668 1782 D.
704 1757 737 1781 et
761 1759 849 1790 quae
872 1751 957 1781 scri-

315 1796 448 1836 psimus
467 1796 521 1826 ad.
541 1795 677 1827 Philet».
696 1807 728 1837 p.
747 1795 801 1829 44.
820 1795 858 1828 C.
887 1795 956 1827 Sed

314 1842 563 1883 praestabilius
591 1843 745 1882 videtur,
777 1841 955 1880 διανεμόν-

316 1898 384 1919 των
409 1899 485 1919 cum
511 1885 652 1928 ἀψύχων
678 1886 842 1927 σωμάτων
874 1898 955 1919 con-

314 1939 464 1973 nectere,
490 1935 539 1965 ita
564 1940 601 1965 ut
627 1945 682 1966 res
709 1936 884 1966 inanimae
905 1935 956 1965 di-

315 1987 439 2013 cantur
463 1991 603 2012 caussas
631 1982 733 2012 huius
750 1991 864 2012 rerum
879 1981 955 2012 uui-

317 2028 494 2059 versitatis
520 2027 626 2058 veiuti
643 2028 848 2068 dispertitae
867 2037 953 2060 esse.

316 2072 414 2111 Quae
440 2075 516 2114 ipsa
532 2075 706 2105 sententia
723 2074 864 2114 propria
891 2073 957 2104 fuit

316 2122 566 2159 Anaxagorae,
593 2120 694 2151 sicuti
719 2129 760 2150 ex
775 2119 956 2151 Phaedon.

315 2176 346 2207 p.
373 2165 428 2200 98.
455 2164 495 2198 Β.
523 2164 562 2198 C.
589 2166 834 2197 condiscimus.

360 2211 432 2243 καὶ
479 2208 529 2251 δὴ
566 2212 630 2243 καὶ
679 2208 956 2251 λοιδορήσεις

316 2258 430 2300 γε-]
456 2264 585 2298 atque
619 2258 730 2290 adeo
750 2257 955 2289 convicia

315 2305 468 2346 poetis
517 2304 558 2334 in
604 2309 779 2336 mentem
826 2312 954 2334 vene-

314 2356 430 2383 runt.
478 2350 533 2382 De
564 2360 602 2390 γε
626 2351 676 2382 ita
709 2351 826 2391 posito
852 2359 882 2381 v.
908 2349 953 2380 ad

315 2396 454 2429 Phileb.
482 2407 513 2437 p.
526 2393 581 2429 48.
608 2396 651 2430 D.
680 2397 831 2428 Verbum
859 2393 953 2433 ἐπέρ-

314 2443 437 2482 χεσθαι
468 2443 511 2474 ad
539 2441 729 2475 Phaedom.
765 2453 797 2483 p.
823 2441 878 2475 88.
912 2439 951 2471 O.

314 2487 432 2529 Symp.
459 2499 490 2530 p.
517 2488 594 2524 1‘17.
622 2488 661 2520 C.
688 2487 799 2530 Gorg.
826 2498 858 2530 p.
872 2485 951 2520 485.

314 2535 356 2565 E.
390 2535 510 2575 Lysid.
550 2545 583 2576 p.
618 2535 695 2568 210.
728 2536 767 2568 E.
798 2535 841 2567 al.
873 2534 952 2564 atti-

313 2582 437 2622 gimus.
479 2583 727 2613 Accusativum
753 2575 950 2619 ἀπεικάζοι-

314 2635 372 2658 tas
384 2631 464 2668 post
479 2627 634 2659 dativum
650 2630 805 2669 ποιηταῖς
816 2627 950 2658 illatum

313 2673 562 2705 illustravimus
598 2684 702 2714 quum
740 2673 841 2708 alibi,
879 2678 948 2702 tum

313 2729 419 2760 supra
449 2719 493 2751 ad
524 2729 556 2759 p.
593 2719 670 2753 949.
711 2720 749 2751 Β.
785 2718 839 2750 De
865 2728 948 2749 con—

1024 1519 1116 1549 vicio
1142 1519 1218 1558 ipso
1245 1517 1343 1558 Reip.
1369 1518 1415 1549 X.
1446 1529 1480 1560 p.
1505 1518 1582 1553 607.
1609 1519 1662 1556 C.‚

1024 1565 1116 1595 unde
1146 1565 1257 1604 liquet
1290 1564 1514 1603 χρωμέναισιν
1542 1575 1663 1597 verum

1024 1621 1112 1649 esse,
1138 1611 1232 1651 quod
1247 1608 1273 1639 B
1284 1610 1398 1650 ergk.
1416 1610 1661 1643 Commentatt.

1025 1657 1078 1688 De
1087 1656 1260 1697 Reliquiis
1272 1655 1448 1690 ComfidA
1456 1659 1569 1698 πῖαρ.
1582 1657 1659 1692 169.

1024 1704 1059 1733 in
1095 1701 1319 1742 χρωμένοισιν
1352 1704 1480 1734 mutari
1509 1703 1660 1736 iubebat.

1070 1770 1114 1801 D.
1145 1768 1244 1802 ἄλλα
1276 1766 1300 1799 τ’
1333 1766 1384 1802 αὖ
1415 1767 1578 1812 α’νόητα
1608 1772 1659 1803 εἰ·

1025 1816 1138 1857 πεῖν]
1170 1817 1308 1848 Mutata
1349 1823 1402 1849 est
1435 1820 1659 1853 constructio.

1023 1862 1113 1894 Nam
1139 1865 1294 1904 sequitur
1320 1863 1376 1895 hic
1401 1871 1481 1904 post
1505 1862 1662 1903 ἐπῆλθον

1024 1912 1179 1950 ποιηταῖς
1204 1909 1416 1950 infinitivus,
1451 1911 1595 1950 perinde
1620 1921 1662 1942 ae

1023 1956 1054 1987 si
1080 1956 1324 1996 praecesserit:
1353 1954 1483 1998 ἐπῆλθε
1507 1960 1662 1998 ποιηταῖς

1025 2000 1203 2042 λοιδορεῖν,
1230 2014 1257 2032 κ.
1285 2013 1308 2032 ῐ.
1336 2001 1362 2032 λ.

1071 2069 1157 2111 Cap.
1183 2068 1280 2103 XIV.
1312 2070 1357 2101 D.
1406 2067 1475 2100 ἐπὶ
1499 2067 1541 2100 δὲ
1567 2067 1658 2100 τού·

1026 2126 1138 2147 toccu
1170 2113 1220 2156 δή
1254 2116 1313 2157 -]
1349 2126 1397 2147 ac
1426 2117 1658 2156 praeterea

1024 2163 1276 2203 perceperit.
1302 2163 1451 2198 etiam,
1479 2160 1520 2191 id
1545 2161 1658 2201 quod

1023 2217 1155 2248 saepe
1195 2208 1274 2238 iam
1312 2207 1517 2246 diximus,
1553 2216 1657 2237 men-

1023 2261 1103 2286 tem
1141 2263 1265 2294 quarn
1302 2253 1342 2283 in
1375 2253 1509 2284 astris
1546 2252 1657 2284 iudi-

1023 2300 1214 2332 cavimus
1239 2309 1349 2338 esse,
1372 2303 1414 2330 et
1439 2308 1522 2337 eas,
1549 2307 1658 2339 quae

1021 2351 1148 2378 autea
1206 2345 1485 2377 necessariae
1539 2350 1655 2383 suut,

1021 2392 1304 2433 disciplinas,
1352 2392 1540 2432 itemque
1574 2399 1654 2421 mu·

1021 2439 1149 2470 sicam
1177 2448 1265 2469 cum
1298 2438 1363 2469 his
1394 2437 1655 2468 convenien-

1021 2491 1102 2515 tem
1137 2485 1452 2525 contemplatus
1491 2482 1538 2513 ad
1575 2491 1636 2513 mo

1020 2541 1105 2562 rum
1133 2531 1347 2562 instituta
1367 2533 1406 2560 et
1426 2529 1541 2568 leges
1560 2537 1653 2559 con—

1019 2583 1230 2617 gruenter
1275 2575 1542 2610 traduxerit,
1589 2583 1651 2605 eo-

1018 2633 1191 2664 rumque
1214 2632 1322 2664 quae
1347 2622 1558 2653 rationem
1583 2620 1652 2651 ha-

1018 2670 1311 2711 beaut,possit
1328 2669 1541 2700 rationem
1561 2666 1652 2697 red-

1018 2716 1038 2746 d
1050 2725 1092 2746 er
1103 2725 1132 2746 e.
1171 2714 1212 2746 In
1227 2715 1282 2746 his
1304 2714 1418 2745 verbis
1433 2713 1552 2744 nescio
1569 2712 1652 2753 quid
