1781 2971
289 153 371 194 448
724 148 805 189 DE
839 146 1212 190 EPINOMIDIS

291 261 573 305 Atheniensis
605 262 684 303 etsi
733 261 916 317 primum
956 268 1129 303 veretur
1166 276 1218 303 ne
1264 261 1427 302 frustra
1465 260 1518 303 de
1557 262 1632 303 tali

294 336 337 362 re
367 319 499 361 verba
528 318 720 360 facturus
751 318 820 371 sit,
853 326 996 359 tamen
1027 326 1310 373 posteaquam
1346 334 1370 360 a
1392 318 1535 360 Clinia
1563 334 1633 360 ro·

293 382 419 433 gatus
454 381 534 427 est,
566 383 614 416 ut
642 390 695 416 ne
726 375 983 416 sententiam
1015 389 1135 417 suam
1171 375 1223 416 de
1252 375 1319 416 his
1349 376 1476 418 rebus
1496 376 1633 417 celare

293 413 422 486 velit,
461 438 626 473 mutata
664 431 810 474 statim
850 438 992 473 mente
1031 446 1109 473 sua
1154 431 1366 474 uberrime
1419 447 1635 497 exponere

295 490 497 543 instituit,
530 489 633 544 quid
666 500 959 543 quantumque
999 488 1080 541 sit,
1123 488 1238 543 quod
1280 489 1323 529 in
1360 489 1635 531 institutione

294 547 470 588 iuvenili
502 545 554 588 de
585 545 870 598 arithmetica,
901 545 1138 601 geometria
1167 553 1209 587 et
1239 546 1501 588 astronomia
1530 545 1636 587 ado-

294 603 561 645 lescentibus
628 601 959 658 impertiendum
1016 602 1236 655 videatur,
1288 602 1333 643 id
1394 602 1511 657 quod
1577 603 1638 644 ita

296 662 456 702 factum
498 668 563 701 est
601 676 641 715 p.
675 660 770 701 819.
814 662 868 699 A.
909 673 1046 713 usque
1087 658 1141 700 ad
1179 675 1220 715 p.
1253 660 1347 701 822.
1389 660 1438 701 C.
1513 660 1637 714 Quae

297 717 535 772 disputatio
575 717 770 771 profecto
815 717 877 757 ita
918 726 984 756 est
1024 722 1298 772 comparata,
1345 723 1393 758 ut
1433 717 1503 771 qui
1545 732 1638 759 eam

297 781 459 816 attente
489 773 765 829 perlegerint,
798 773 827 813 ii
872 779 987 814 certe
1027 773 1152 814 facile
1194 773 1278 814 illis
1320 774 1494 815 carituri
1535 776 1636 828 sint,

298 846 408 886 quae
453 829 728 885 Epinomidis
770 836 920 871 auctor
965 829 1094 885 longa
1132 836 1175 871 et
1229 830 1396 884 prolixa
1445 831 1639 872 oratione

299 889 566 942 molestaque
598 887 825 928 verborum
855 886 1122 927 abundantia
1152 886 1205 928 de
1246 886 1398 928 iisdem
1429 888 1557 930 rebus
1594 888 1640 928 in

299 944 485 987 medium
518 943 710 1008 protulit.
771 945 917 997 Atque
949 942 1054 983 haec
1086 944 1123 984 si
1159 948 1275 984 recte
1313 950 1414 985 sunt
1452 959 1476 984 a
1515 944 1640 986 nobis

299 1000 610 1054 animadversa,
637 1000 762 1041 etiam
783 1006 936 1056 sponte
957 1000 1198 1054 apparebit,
1224 1000 1400 1065 opinor,
1416 1000 1642 1042 Platonem

298 1059 381 1101 isto
415 1057 586 1113 quidem
616 1057 713 1099 loco
745 1057 851 1098 nihil
873 1055 1109 1110 quidquam
1133 1057 1493 1112 praetermisisse,
1525 1057 1642 1113 quod

302 1115 356 1156 ad
388 1115 554 1171 Legum
586 1114 882 1170 integritatem
911 1113 1224 1167 requireretur3
1255 1113 1363 1155 illud
1401 1130 1534 1157 unum
1564 1130 1642 1171 po-

300 1175 387 1214 tius
418 1172 522 1228 egit,
554 1177 603 1212 ut
633 1150 706 1212 etU
705 1186 845 1212 rerum
877 1146 1227 1235 explicandarum
1260 1170 1560 1213 difficultatem
1591 1187 1644 1213 ex

302 1229 521 1271 hominum
552 1228 798 1283 ignorantia
829 1233 870 1268 et
900 1226 1070 1268 inscitia
1111 1227 1334 1269 oriundam
1379 1228 1644 1284 significaret

302 1293 345 1328 et
373 1265 594 1341 populari:
603 1284 655 1325 de
687 1284 770 1325 illis
800 1283 1096 1338 disputationi,
1130 1285 1299 1349 qualem
1335 1285 1539 1342 deinceps
1570 1301 1642 1327 ex-

303 1343 467 1395 hibuit,
507 1349 673 1395 tamqu
676 1357 729 1381 un
776 1339 1038 1396 proluderet.
1115 1341 1177 1381 At
1224 1341 1336 1382 enim
1382 1358 1485 1384 vero
1525 1343 1644 1384 istud

301 1401 443 1455 ipsum
472 1397 744 1463 Epinomidis
776 1397 974 1439 conditor
1004 1403 1078 1438 aut
1108 1398 1307 1440 consulto
1340 1399 1532 1455 neglexit
1573 1407 1642 1441 ut—

302 1463 403 1522 pote
435 1454 653 1497 scribendi
682 1454 1013 1510 intemperantia
1042 1455 1229 1510 agitatus
1252 1462 1326 1496 aut
1344 1462 1502 1497 temere
1520 1471 1644 1511 prae·

304 1513 435 1555 teriit.
504 1511 796 1565 Quamobrem
837 1526 1040 1567 perverso
1077 1511 1258 1554 consilio
1305 1527 1500 1554 caussam
1540 1514 1644 1555 scri-

303 1569 435 1613 bendi
466 1568 566 1611 hinc
598 1570 772 1625 repetiit
801 1568 996 1622 adeoque
1027 1583 1090 1621 ea,
1125 1581 1234 1622 quae
1266 1568 1417 1610 deesse
1451 1569 1645 1612 videren-

304 1636 398 1681 tur,
441 1640 519 1667 suo
559 1627 687 1667 modo
728 1625 930 1681 supplere
976 1631 1106 1678 atque
1147 1639 1427 1681 compensare
1463 1634 1646 1670 conatus

305 1691 384 1736 est,
416 1684 479 1724 ita
509 1682 680 1737 quidem
724 1690 773 1723 ut
805 1698 855 1723 ea
892 1681 1107 1723 scribendi
1147 1685 1472 1737 opportunitate
1519 1684 1646 1725 simul

305 1741 433 1783 etiam
467 1739 519 1780 ad
550 1738 874 1781 deformandam
914 1753 1176 1779 summorum
1218 1740 1544 1795 magistratuum
1582 1741 1646 1805 in-

306 1797 574 1841 stitutionem
606 1796 866 1837 abuteretur.
930 1794 1019 1837 Sed
1051 1795 1157 1837 satis
1189 1774 1313 1837 haece
1333 1795 1385 1837 de
1425 1796 1520 1839 loco
1561 1797 1646 1853 pri-

307 1870 396 1907 ore,
428 1853 559 1906 unde,
592 1868 721 1918 quam
763 1851 917 1894 stolide
952 1851 1225 1906 Epinomidis
1264 1852 1505 1895 exarandae
1544 1868 1646 1896 con-

306 1912 447 1954 silium
478 1926 502 1951 a
534 1910 728 1966 sapiente
766 1915 912 1950 nostro
953 1916 1205 1963 susceptum
1245 1909 1324 1961 sit,
1365 1910 1646 1967 intelligatur.

307 1967 571 2010 Accedimus
603 1966 658 2008 ad
688 1967 830 2007 locum
867 1965 982 2007 Libr.
1004 1966 1112 2006 XII.
1135 1982 1175 2020 p
1198 1968 1291 2007 966.
1314 1982 1409 2022 sqq.
1465 1968 1530 2009 De
1561 1983 1647 2022 quo

309 2024 481 2080 quidem
516 2039 600 2066 non
632 2023 765 2064 multo
796 2023 920 2063 aliter
947 2022 1223 2064 iudicandum
1270 2038 1508 2066 censemus.
1568 2024 1649 2067 Est

308 2082 419 2124 enim
450 2087 493 2122 et
522 2081 616 2136 ipse
646 2079 961 2133 integerrimus,
992 2087 1041 2121 ut
1070 2095 1122 2121 ne
1155 2079 1223 2121 hic
1262 2080 1434 2134 quidem
1472 2080 1648 2135 aliquod

308 2139 478 2194 Legum
538 2137 883 2201 supplementum
942 2135 1027 2178 ullo
1086 2135 1213 2177 modo
1271 2152 1378 2192 opus
1435 2136 1646 2178 videatur.

308 2195 482 2238 Etenim
514 2193 745 2250 exponitur
775 2191 946 2247 quidem
980 2193 1038 2235 ibi
1070 2193 1241 2233 omniuo
1272 2193 1374 2234 nihil
1407 2193 1459 2234 de
1491 2194 1648 2249 puerili

309 2258 616 2294 nocturnorum
666 2250 991 2305 magistratuum
1041 2249 1298 2291 educatione
1348 2255 1479 2304 atque
1522 2250 1646 2292 insti-

311 2309 495 2351 tutione.
555 2306 644 2350 Sed
673 2307 774 2348 inde
802 2312 944 2374 tamen
986 2306 1176 2348 nondum
1219 2306 1434 2360 sequitur,
1477 2313 1526 2348 ut
1570 2307 1647 2349 ali-

311 2365 416 2422 quid
459 2363 513 2406 ad
550 2364 854 2420 disputationis
892 2357 1180 2417 iutegritatem
1214 2361 1367 2404 deesse
1400 2364 1647 2406 existiman·

310 2422 411 2464 dum
441 2422 509 2463 sit.
570 2422 640 2476 Ap
646 2428 782 2463 ertum
824 2426 890 2461 est
921 2420 1031 2460 enim
1069 2419 1288 2460 Platonem
1329 2419 1438 2462 hanc
1475 2420 1647 2462 institu-

310 2479 438 2520 tionis
459 2478 731 2532 disciplinam
753 2477 949 2518 consulto
971 2476 1323 2531 praetermisisse.
1367 2477 1513 2533 Negat
1534 2477 1646 2518 enim

312 2535 648 2591 philosophusp.
670 2536 766 2576 968.
788 2532 836 2575 C.
861 2534 903 2574 in
926 2534 1143 2589 praesenti
1164 2534 1246 2574 iam
1269 2546 1396 2589 posse
1425 2523 1647 2576 commode

311 2591 477 2633 definiri
509 2598 553 2633 et
583 2591 803 2643 constitui,
835 2591 1091 2644 quibusnam
1123 2590 1288 2632 artibus
1318 2605 1368 2632 ac
1408 2590 1647 2646 disciplinis

311 2656 356 2690 et
385 2663 570 2703 quanam
601 2649 766 2690 ratione
798 2648 931 2689 futuri
961 2647 1149 2690 civitatis
1189 2646 1394 2689 custodes
1434 2646 1647 2689 formandi

311 2705 411 2748 sint.
474 2705 628 2759 Itaque
659 2705 794 2748 satius
824 2719 917 2748 esse
948 2711 1086 2760 putat,
1119 2709 1252 2746 totam
1296 2703 1406 2746 hanc
1450 2718 1647 2746 caussam
