1781 2971
281 103 365 145 DE
398 102 673 146 LEGIBUS
706 102 825 146 LIB.
858 103 916 144 X.
951 104 999 146 P.
1033 105 1127 146 905.
1161 103 1225 147 St.
1348 105 1425 147 221

82 219 222 269 θεοὺς
260 218 371 262 εἶναι
408 228 549 264 τοῖσιν
583 220 809 271 ἀδικοῦσι,
853 224 1107 276 δεχομένους
1143 221 1284 276 δῶρα,
1329 219 1429 263 οὔτε

82 289 166 329 τινὶ
212 293 512 343 συγχωρητέον
560 291 695 330 παντί
730 288 768 329 τ’
811 281 868 331 αὖ
907 288 1020 330 κατὰ
1057 289 1246 342 (δύναμιν
1280 286 1429 342 τρόπῳ

80 357 313 406 ἐλεγκτέον.

180 422 286 463 ΚΛ.
360 418 566 464 Κάλλιστ’
607 419 734 470 εἶπες,
770 423 960 476 ποιῶμεν
1000 437 1042 463 τε
1077 422 1134 471 ὡς
1170 424 1316 474 λὲγεις.

181 483 295 546 Cap.
332 483 463 529 ΧΠῘ.
537 488 636 529 ΑΘ.
711 489 822 542 Φέρε
867 487 920 539 δι’]
959 487 1070 543 πρὸς
1106 490 1230 530 θεῶν
1267 486 1429 537 αὐτῶν,

81 558 179 596 τίνα
218 551 386 610 τρόπον
434 557 701 610 παραιτητοὶ
747 553 957 608 γίγνοιντ’
1015 551 1074 595 ἂν
1109 552 1234 610 ἡμῖν,
1291 558 1327 596 εὶ
1364 558 1426 607 γί-

81 637 260 673 γνοιντο
294 613 377 673 αὖς
412 624 485 664 καὶ
507 624 621 671 τίνες
655 617 682 673 ἢ
720 623 842 664 ποῖοί
880 636 994 670 τινες
1020 617 1169 675 ὅντεςς
1203 618 1428 674 ἄρχοντας

77 690 156 742 μὲν
200 685 451 740 ἀναγκαῖόν
481 705 568 731 που
611 688 846 742 γίγνεσθαι
889 687 997 737 τούς
1030 703 1075 740 γε
1121 688 1430 739 διοικήσοντας

79 752 159 797 τὸν
196 751 379 796 ἅπαντα
416 755 644 809 ἐνδελεχῶς
682 753 895 808 οὐρανόν.

183 821 282 863 ΚΛ.
358 818 518 871 Οὕτως.

212 976 252 1008 In
278 975 357 1007 Par.
386 977 429 1006 A.
460 975 579 1008 Bastio
605 979 697 1008 teste
723 976 770 1007 ἔτι
795 975 1023 1008 desideratur.

171 1022 211 1054 D.
263 1017 514 1062 ἀνθρώπων
537 1020 875 1063 ἐπιμελοῦνται]
929 1021 971 1055 V.
997 1019 1218 1061 ἐπιμέλονται.
1270 1021 1430 1055 Platonis

80 1067 202 1100 rationi
235 1069 500 1108 convenienter,
533 1068 566 1099 in
599 1066 648 1100 his
680 1068 775 1100 libris
800 1071 1004 1100 constanter
1027 1068 1253 1107 observatae,
1280 1067 1360 1101 Par.
1387 1070 1428 1100 Α,

80 1117 116 1146 et
147 1111 184 1145 Ω.
212 1117 302 1146 teste
335 1113 476 1154 Bastio,
510 1118 546 1146 et
577 1124 607 1145 v.
639 1113 660 1144 f.
694 1113 724 1146 h.
763 1124 789 1146 r.
816 1125 847 1146 a.
875 1123 904 1145 c.
930 1111 959 1145 δ.
987 1123 1020 1145 o.
1047 1112 1294 1153 ἐπιμελοῦνται.
1344 1113 1430 1147 Mox

80 1169 142 1201 pro
169 1155 215 1191 αὖ
239 1158 322 1191 τούς
346 1157 456 1196 θεοὺς
481 1169 522 1192 ex
549 1160 593 1192 A.
627 1157 665 1192 Ω.
692 1159 768 1191 v.h.
797 1168 822 1191 r.
851 1170 880 1191 a.
897 1169 925 1192 c.
954 1158 983 1191 δ.
1011 1160 1213 1202 scripsimus
1239 1154 1284 1191 αὖ
1306 1156 1427 1197 θεούς,

80 1205 190 1247 Marg.
219 1203 258 1238 Ω.
293 1216 323 1239 a.
357 1215 385 1238 c.
421 1203 449 1240 δ.
475 1203 606 1238 αὐτοὺς
628 1205 667 1239 θ.
691 1205 781 1246 quod
809 1205 1020 1238 Turicenses
1045 1206 1150 1239 invita
1174 1205 1347 1238 sententia
1374 1216 1428 1237 re—

81 977 161 1009 Eus.

79 1256 258 1294 ceperunt.

170 1296 212 1329 E.
270 1293 432 1328 ἅπαντα
456 1294 714 1338 ἐνδελεχῶς]

778 1296 875 1329 Libri
915 1294 1103 1338 ἐντελεχῶς.

1167 1296 1312 1330 Correxi
1352 1306 1428 1328 cum

76 1341 209 1375 Naekio
240 1341 283 1374 ad
317 1341 468 1375 Choeril·
504 1353 537 1384 Ρ.
572 1343 650 1378 169.
679 1344 729 1376 De
755 1342 954 1376 discrimine
979 1345 1160 1384 utriusque
1184 1352 1259 1374 voc.
1288 1353 1317 1373 v.
1345 1342 1429 1375 infra

79 1388 275 1422 Comment.

82 1505 118 1533 et
142 1504 322 1539 votorum.
355 1501 478 1543 quibus
509 1503 611 1544 vulgo
637 1502 723 1535 deos

79 1547 332 1585 sollicitabant,
381 1547 630 1588 turpitudinem
681 1558 723 1580 ac

80 1592 291 1625 foeditatem
339 1593 513 1626 liberrime
553 1593 720 1636 gravissi·

80 1645 201 1679 meque
227 1638 476 1679 exagitavisse,
502 1644 607 1682 atque
632 1639 721 1672 adeo

80 1694 245 1725 negasse,
278 1694 484 1725 quemquam
523 1686 719 1718 mortalium

80 1729 209 1762 debere
236 1741 257 1762 a
279 1731 341 1762 diis
367 1731 430 1763 sibi
460 1731 617 1772 divitias,
660 1730 723 1763 ho-

79 1786 196 1816 noreS‚
223 1776 425 1819 dignitates,
449 1777 520 1809 alia
546 1777 580 1810 id
597 1787 720 1819 genus,

80 1827 266 1863 expetere,
297 1822 388 1863 quod
415 1833 518 1856 nemo
545 1828 638 1856 tanta
665 1833 721 1855 es-

79 1873 134 1899 set
159 1869 290 1901 mentis
316 1870 546 1911 perspicacia,
578 1875 615 1902 ut
640 1867 721 1910 quid

80 1913 143 1946 sibi
176 1913 406 1954 conduceret,
443 1921 566 1957 posset
600 1915 721 1947 videre

80 1963 115 1992 et
139 1959 309 2000 iudicare3
335 1960 381 1992 dii
407 1965 522 1993 autem
540 1962 642 2002 longe
668 1971 720 1992 sa-

81 2005 287 2045 pientissimi
324 2005 542 2047 viderentur,
575 2007 632 2048 qui
660 2005 722 2038 ho-

81 2051 208 2084 minum
249 2052 350 2084 saluti
390 2053 444 2084 uni
481 2063 563 2085 vere
596 2062 720 2084 consu-

80 2098 201 2129 lerent.
250 2097 434 2131 Socratem
461 2099 566 2140 igitur
589 2108 719 2139 sequu-

79 2146 134 2174 tus
175 2143 279 2175 Piato
320 2150 393 2184 est,
434 2145 490 2185 qui
531 2144 719 2177 identidem

79 2188 263 2221 exitiosum
308 2189 396 2222 hunc
436 2191 525 2232 vulgi
565 2200 719 2223 errorem

79 2234 226 2275 castigat
252 2238 287 2267 et
316 2236 505 2278 impugnat.
554 2236 645 2269 Nam
673 2237 722 2269 fe-

80 2282 126 2311 cit
151 2279 214 2312 hoc
241 2281 384 2322 primum
412 2283 444 2313 in
462 2281 722 2324 Euthyphrone,

79 2326 137 2367 qui
165 2325 299 2358 libellus
333 2327 406 2360 fere
433 2332 528 2360 totns
549 2327 616 2360 huc
641 2339 720 2369 per-

79 2372 177 2403 tinet.
235 2371 334 2404 Fecit
367 2374 447 2405 item
491 2375 525 2406 in
567 2374 721 2407 secundo

80 2417 168 2449 libro
204 2417 251 2449 'de
286 2417 478 2460 Republica
518 2419 599 2453 inde
633 2430 651 2450 a
687 2430 719 2460 p.

80 2462 162 2497 376.
199 2467 225 2495 A
262 2473 336 2505 sqq.
369 2465 450 2496 coli.
482 2465 552 2497 111.
588 2476 621 2507 p.
653 2465 722 2500 390

80 2519 157 2550 sqq.
207 2508 306 2540 Fecit
332 2509 479 2550 denique
494 2512 598 2543 etiam
616 2511 721 2552 longe

80 2554 298 2596 gravissimis
337 2556 449 2588 verbis
488 2555 552 2589 hoc
586 2556 719 2598 Legum

81 2602 178 2640 loco,
218 2600 276 2641 qui
319 2612 360 2634 ea
400 2603 434 2633 in
465 2613 506 2635 re
540 2603 720 2644 primarius

79 2645 214 2678 censeri
239 2645 354 2680 debet.
383 2647 547 2680 Ceterum
566 2648 632 2681 ioci
657 2648 722 2681 ini·

80 2692 164 2725 tium
207 2702 250 2726 ex
289 2698 392 2735 parte
434 2693 552 2727 iaudat
587 2693 718 2728 Ciem.

792 1503 908 1534 Alex.
943 1500 1075 1532 Strom.
1112 1499 1182 1533 Vll.
1214 1509 1246 1541 p.
1275 1498 1352 1534 707.
1384 1498 1427 1531 T.

792 1548 833 1580 ll.
860 1558 893 1589 p.
919 1545 999 1581 857.

836 1593 882 1625 Ε.
936 1591 1012 1624 τὸν
1054 1589 1224 1622 ἅπαντα
1272 1589 1431 1621 ἐνδελε-

790 1639 865 1680 χῶς
893 1636 1106 1679 οὐρανόν]
1141 1635 1323 1668 Sententia
1354 1646 1430 1668 ver-

790 1686 911 1717 borum
940 1684 1026 1716 haec
1051 1682 1431 1724 est=1n1perantes

789 1731 961 1773 quidem
1005 1729 1428 1771 existantfnecesse

791 1781 861 1810 est
900 1786 993 1815 eos,
1033 1775 1103 1817 qui
1144 1774 1428 1807 continenter

791 1834 806 1855 r
824 1835 842 1856 e
859 1826 939 1855 ctu
955 1833 971 1854 ι·
988 1822 996 1853 i
1046 1825 1088 1853 et
1135 1820 1427 1862 gubernaturi

791 1869 881 1901 sint
921 1868 1179 1900 universum
1213 1865 1426 1899 mundum.

788 1916 861 1947 Iam
888 1924 972 1947 vero
995 1912 1118 1945 deinde
1134 1912 1342 1953 disputatur,
1369 1923 1427 1945 ve-

788 1971 848 1993 ros
873 1961 1103 2001 imperatores
1120 1962 1227 1999 atque
1255 1958 1430 2000 principes

788 2017 868 2039 sese
908 2014 1080 2046 nunquam
1124 2003 1167 2035 ab
1211 2001 1326 2036 officio
1364 2014 1429 2036 suo

788 2051 951 2085 obeundo
967 2049 1132 2083 dimoveri
1148 2059 1315 2092 passuros
1340 2060 1429 2083 esse.

789 2099 841 2132 Ex
872 2108 941 2140 quo
984 2096 1158 2138 colligitur
1198 2094 1347 2137 denique
1388 2106 1431 2129 ne

788 2144 876 2177 deos
910 2143 1047 2185 quidem
1081 2141 1244 2184 precibus
1270 2146 1329 2174 aut
1354 2152 1430 2174 mu-

789 2191 928 2224 neribus
961 2193 1175 2222 commotum
1209 2187 1263 2226 iri,
1298 2192 1336 2219 ut
1361 2190 1431 2221 ulio

789 2236 895 2269 modo
928 2237 971 2268 ab
1005 2235 1156 2267 universi
1193 2232 1336 2274 regendi
1366 2244 1432 2275 gu-

788 2282 1024 2323 bernandique
1071 2281 1206 2312 ratione
1255 2280 1430 2312 recedant.

789 2327 1112 2370 Contemplantibus
1131 2334 1214 2357 vero
1228 2324 1328 2357 nobis
1340 2325 1432 2358 hanc

787 2375 996 2407 sententiam
1045 2372 1243 2412 neutiquam
1293 2370 1432 2404 videtur

790 2420 931 2452 dubium
958 2430 1050 2458 esse,
1075 2417 1158 2459 quid
1186 2415 1230 2455 de
1257 2416 1430 2458 scriptura

789 2466 954 2498 librorum
998 2464 1197 2504 ἐντελεχῶς,
1245 2471 1348 2503 quam
1398 2464 1430 2496 in

789 2511 970 2552 ἐνδελεχῶς
1012 2509 1240 2549 mutavimus,
1277 2509 1429 2542 sentien-

791 2557 871 2590 dum
905 2557 960 2589 sit.
1015 2556 1204 2589 Enimvero
1246 2558 1430 2596 utrumque

790 2603 995 2636 vocabulum
1036 2603 1066 2634 vi
1105 2605 1140 2634 et
1180 2600 1430 2642 significatione

789 2659 851 2681 sna
900 2650 1019 2690 ntique
1066 2647 1184 2680 differt
1230 2647 1427 2688 plurimum.

788 2694 877 2729 Nam
902 2695 995 2737 quod
1022 2694 1204 2735 Gregor.
1231 2692 1428 2726 Corinth.

1464 626 1501 667 F:
