1781 2971
183 509 262 550 959

289 115 371 155 404
784 114 1161 156 PLATONIS

291 237 336 274 ὲν
374 230 506 274 πένθ’
551 229 731 288 ἡμέραις
766 230 1159 285 ἀποτελούμενον·
1198 233 1356 274 λίθινα
1393 234 1437 274 δὲ
1473 232 1648 284 ἐπιστή-

292 313 412 351 ματα
445 296 506 350 μὴ
554 299 680 352 μείζω
721 307 862 341 ποιεῖν
900 296 925 349 ἢ
963 296 1047 341 ὅσα
1086 300 1295 353 δέχεσθαι
1330 297 1384 340 τά
1421 301 1498 341 τοῦ
1533 316 1647 342 τετε-

293 362 554 416 λευτηκότος
591 364 782 420 ἐγκώμια
821 367 945 419 βίου,
988 364 1047 419 μὴ
1094 368 1222 406 πλείω
1256 364 1479 421 τεττάρων
1518 364 1648 422 ἡρωϊ-

292 432 380 473 κῶν
416 434 585 486 στίχων.
635 429 717 481 τὰς
767 434 810 474 δὲ
858 434 1095 487 προθέσεις
1131 433 1309 486 πρῶτον
1352 435 1432 485 μὲν
1466 430 1526 487 μὴ
1563 450 1648 487 μα-

294 495 506 553 κρότερον
537 496 703 552 χρόνον
740 500 867 540 ἔνδον
904 501 1142 551 γίγνεσθαι
1178 502 1258 541 τοῦ
1296 500 1534 549 δηλοῦντος
1570 498 1649 542 τόν

295 580 341 606 τε
378 566 655 607 ἐκτεθνεῶτα
691 567 764 607 καὶ
800 563 881 607 τὸν
917 563 1055 614 ὅντως
1091 562 1372 617 τεθνηκότα,
1409 564 1474 616 εἴη
1510 564 1547 607 δ’
1590 565 1650 607 ἂν

295 630 465 685 σχεδόν,
501 629 558 681 ὡς
595 630 911 685 τάνθρώπινα,
947 638 1108 686 μέτρον
1143 635 1300 686 ἔχουσα
1340 634 1514 688 τριταία
1538 631 1650 686 πρὸς

298 697 346 740 τὸ
385 700 539 753 μνῆμα
575 698 759 756 ἐκφορά.
797 700 1046 741 πείθεσθαι
1083 696 1124 739 δ’
1175 701 1262 740 ἐστὶ
1311 700 1371 752 τῷ
1419 701 1647 758 νομοθέτῃ

293 764 433 820 χρεών
469 763 524 807 τοὶ
563 781 607 807 τε
644 763 758 807 ἄλλα
796 768 867 807 καὶ
904 768 1074 818 λέγοντι
1113 765 1260 823 ψυχὴν
1296 765 1502 819 σώματος
1537 755 1649 808 εἶναι

296 829 346 874 τὸ
385 834 476 874 πᾶν
514 833 841 890 διαφέρουσαν,
892 837 936 874 ἐν
972 830 1093 885 αὐτῷ
1133 848 1176 874 τε
1213 833 1272 886 τῷ
1309 833 1390 886 βίῳ
1427 830 1476 874 τὸ
1514 849 1648 886 παρε-

390 1041 428 1073 Ρ.
457 1041 537 1075 959.
587 1044 827 1082 προθέσεις
855 1043 1026 1079 πρῶτον
1050 1040 1146 1082 μὲν]
1174 1038 1232 1071 Sic

298 1086 325 1117 ὁ.
355 1097 384 1118 ο.
439 1087 551 1129 Vulgo
587 1085 767 1129 πρότερον.

297 1239 372 1262 mus
395 1230 438 1262 de
456 1231 520 1263 hoc
536 1232 699 1274 loquendi
717 1242 779 1263 usu
799 1231 841 1262 ad
861 1228 938 1260 Phi-

297 1275 362 1309 ieb.
409 1287 442 1318 p.
485 1276 539 1311 28.
586 1281 624 1310 Α.
666 1278 721 1309 ubi
763 1278 864 1309 τοῦτο
914 1280 948 1306 et

294 1322 403 1353 ταῦτα
429 1323 647 1356 ostendimus
678 1323 865 1356 innumeris
891 1323 940 1352 io·

295 1368 344 1398 cis
379 1367 420 1399 ad
454 1370 590 1402 nomina
617 1369 753 1411 generis
788 1367 940 1400 feminini

295 1413 426 1446 referri.
477 1416 568 1446 conf.
613 1415 716 1447 etiam
765 1416 872 1455 Legg.
918 1413 941 1444 l.

299 1469 330 1498 ρ.
359 1458 438 1493 645.
468 1460 506 1491 D.
535 1461 577 1494 11.
605 1461 682 1494 653.
720 1463 763 1492 Α.
792 1460 870 1494 672.
899 1458 937 1490 Ε.

295 1504 409 1546 V.p.
445 1505 522 1541 729.
564 1504 937 1548 B.....x1p937E

296 1549 461 1582 Ceterum
517 1560 580 1584 nec
639 1551 722 1584 haec
781 1552 937 1583 Astius

295 1600 390 1627 recte
416 1598 611 1638 εκρΙὶοενίῑ.
640 1598 832 1638 quiinngit.
871 1593 938 1627 ὅσα

295 1640 332 1672 δὲ
357 1642 392 1682 (i.
419 1652 452 1682 q.
481 1640 616 1683 ὅσοι)ἡ
641 1644 683 1684 γῆ
698 1642 806 1684 μήτηρ
837 1637 937 1680 οὖσα

296 1684 386 1727 πρὸς
410 1688 518 1720 ταῦτα
549 1688 701 1729 πέφικε,
739 1686 846 1730 (πρός
881 1685 938 1726 τὸ)

300 1730 494 1772 βούλεσθαι
520 1746 546 1765 κ.
574 1746 599 1766 τ.
628 1736 654 1765 λ.

343 1778 458 1818 χῶμα
496 1778 538 1810 δὲ
569 1779 619 1820 μὴ
645 1779 774 1820 χοῦν]
826 1778 938 1810 Recte

299 1825 376 1856 iibri
395 1826 490 1856 miss.
518 1826 618 1864 χοῦν,
633 1825 726 1867 quod
743 1824 855 1857 Schoi.
876 1833 938 1866 per

297 1868 468 1910 χωννύναι
522 1873 785 1913 interpretatur,
835 1870 937 1901 sicuti

297 1917 399 1958 vulgo
426 1916 598 1951 scribitur.
631 1929 661 1949 v.
690 1917 818 1949 Moer.
848 1916 935 1946 ,ληί-

297 1962 374 1993 cist.
406 1973 437 2003 p.
471 1961 551 1996 411.
587 1963 736 1995 Tuom.
772 1961 875 2001 Mag.
905 1972 934 2002 p.

295 2007 375 2041 916.
412 2008 540 2048 Legem
575 2009 649 2041 fere
685 2007 827 2039 eandem
857 2016 934 2041 san-

297 2057 421 2084 xerunt
475 2055 580 2086 etiam
638 2053 790 2085 Athenae
847 2057 937 2084 teste

296 2098 501 2130 ciceron.
552 2099 661 2139 Legg.
703 2099 745 2131 ΙΙ.
787 2097 843 2135 26,
877 2096 932 2131 64.

297 2143 381 2175 Sed
422 2148 522 2184 post
563 2146 795 2185 aliquanto
836 2153 935 2184 pro-

297 2193 392 2230 pter
419 2189 490 2222 has
516 2190 837 2231 amptitudinem
868 2199 935 2220 se-

296 2235 564 2276 pulcrorum,
599 2245 702 2276 quas
731 2235 767 2266 in
803 2233 935 2266 Cera-

296 2280 407 2312 mico
445 2280 662 2322 videmus,
704 2281 800 2321 lege
839 2289 933 2310 san-

297 2329 414 2358 ctum
452 2332 536 2364 est,
571 2337 619 2359 ne
649 2327 746 2369 quis
785 2325 937 2366 sepul-

295 2381 406 2403 crurn
465 2371 635 2405 faceret
677 2371 938 2414 operosius,

295 2426 410 2457 quam
437 2418 546 2458 quod
574 2418 716 2451 decem
745 2417 938 2448 homines

296 2461 538 2495 effecerint
587 2464 774 2496 triduo.
843 2463 938 2494 Ante

299 2507 395 2539 πέντε
431 2505 568 2550 αἰ·δρῶν
607 2509 711 2551 ἔργον
742 2517 809 2540 non
848 2516 937 2548 opus

295 2557 349 2585 est
381 2557 417 2585 ut
455 2564 529 2587 cum
570 2556 703 2587 Astio
756 2553 800 2585 de
840 2552 939 2584 Ste-

293 2599 420 2641 phani
455 2602 654 2633 coniectura
689 2597 710 2642 ἢ
750 2601 938 2631 intersera-

291 2652 358 2678 tur.
410 2644 494 2678 Nam
522 2646 620 2678 πέντε
665 2644 804 2687 ἀνδρῶν
837 2643 940 2685 ἔργον

289 2701 351 2734 per
381 2691 640 2733 appositionem
686 2691 824 2725 additur
861 2698 937 2721 voc·

389 994 436 1026 τὰ
466 998 543 1026 τοῦ
569 994 967 1036 τετελευτηκότος]
1006 998 1070 1026 τῶν
1098 997 1161 1025 τοῦ
1187 1007 1215 1024 τ.
1246 997 1282 1025 Α.
1315 995 1363 1025 Ω.
1392 994 1415 1026 f.
1443 1005 1474 1026 a.
1525 1019 1531 1026 .

1401 1050 1431 1071 v.

1396 1096 1407 1116 ι

821 1086 906 1117 Dein
942 1086 1152 1129 μικρότερον
1186 1089 1223 1118 Α.
1254 1042 1298 1116 ,ὃ

1327 1038 1373 1106 ἕ

1010 1228 1121 1268 χῶμα,
1154 1227 1218 1261 hoe
1242 1239 1362 1262 sensu:
1400 1231 1648 1271 sepulcrum

1010 1285 1114 1306 vero
1153 1284 1200 1306 ne
1248 1276 1344 1316 quis
1390 1276 1527 1309 nitius
1575 1287 1648 1310 ex-

1010 1320 1199 1359 struito,
1237 1320 1427 1362 quinque
1459 1323 1646 1355 virorum

1009 1366 1184 1407 (tantum)
1215 1376 1343 1407 opus,
1370 1368 1484 1399 intra
1521 1369 1648 1409 quiu-

1008 1421 1089 1452 que
1138 1411 1232 1443 dies
1283 1412 1552 1445 absolutum.

1009 1457 1154 1488 λίθινα
1179 1455 1467 1499 ἐπιστήματα,
1499 1469 1647 1491 monu-

1007 1507 1147 1535 menta
1189 1508 1340 1536 erecta
1377 1505 1570 1546 lapidea.
1602 1524 1647 1529 —

1008 1562 1024 1588 η
1057 1546 1136 1580 ὅσα
1170 1546 1393 1588 δέχεσθαι,
1434 1547 1454 1592 ἢ
1490 1550 1648 1588 τοσαῦτα,

1008 1592 1092 1626 ὥστε
1133 1592 1313 1634 δέχεσθαι,
1363 1602 1444 1628 nota
1488 1596 1647 1649 loquendi

1007 1641 1150 1672 ratione.
1207 1640 1289 1672 Dein
1317 1642 1440 1683 iunge:
1480 1640 1516 1673 τὰ
1542 1639 1647 1684 ε’γκιό-

1006 1697 1063 1725 μια
1088 1686 1171 1726 βίου
1198 1686 1265 1717 τοῦ
1291 1686 1572 1729 τετελευτηκότος.

1076 1757 1108 1785 Ρ.
1145 1754 1223 1788 959.
1273 1755 1324 1796 μὴ
1372 1753 1647 1798 μακρότερον

1006 1798 1166 1840 χρόνον
1199 1798 1347 1843 ἔνδον]
1391 1801 1542 1834 Codices
1573 1805 1646 1844 ple-

1006 1847 1104 1886 rique
1147 1844 1365 1888 μικρότερον,
1403 1858 1509 1879 sensu
1556 1850 1645 1881 reiu-

1005 1895 1142 1929 manto,
1180 1896 1218 1924 ut
1252 1894 1407 1934 proxima
1442 1892 1578 1926 docent.
1604 1913 1646 1917 —

1007 1937 1080 1968 τοῦ
1115 1935 1370 1978 δηλοῦντος,
1404 1940 1464 1970 int.
1498 1938 1646 1980 χρόνους

1006 1993 1082 2015 non
1112 1984 1282 2025 longius
1309 1986 1532 2025 temporis
1557 1995 1646 2026 spa-

1008 2031 1129 2064 tium,
1158 2040 1283 2070 quam
1319 2031 1433 2070 quod
1467 2031 1646 2072 patefa-

1007 2075 1094 2106 ciat
1123 2079 1188 2106 etc.
1215 2094 1256 2098 —
1285 2075 1428 2113 ἔνδον,
1455 2077 1573 2107 intus
1608 2077 1646 2108 in

1007 2120 1218 2158 aedibus3
1252 2131 1284 2152 v.
1320 2121 1559 2153 casaubon.
1602 2122 1644 2154 ad

1009 2166 1166 2197 Persium
1194 2167 1351 2198 111.vers
1380 2167 1454 2201 103.
1483 2186 1522 2190 —
1577 2167 1645 2200 Pro

1006 2210 1275 2242 ἐκτεθνεῶτα
1302 2213 1352 2244 vir
1371 2213 1497 2246 doctus
1524 2214 1555 2243 in
1573 2213 1645 2245 Ob-

1006 2261 1132 2288 serrat.
1158 2258 1261 2289 Misc.
1313 2258 1385 2292 voi.
1420 2259 1480 2290 Vi.
1508 2269 1539 2299 p.
1565 2258 1645 2293 283.

1007 2298 1050 2333 οὕ
1091 2302 1270 2334 τεθνεῶτα.
1333 2303 1402 2336 Sed
1441 2302 1647 2346 ἐκθνήσκειν

1008 2347 1077 2379 dici
1105 2348 1147 2380 de
1174 2349 1226 2388 iis,
1252 2349 1308 2390 qui
1329 2349 1516 2391 deliquium
1542 2351 1644 2383 animi

1007 2394 1097 2434 passi
1122 2399 1200 2426 sunt
1229 2394 1375 2436 ideoque
1401 2397 1545 2427 mortuis
1568 2399 1646 2428 sunt

1007 2440 1152 2473 similes.
1187 2440 1305 2473 docuit
1344 2441 1643 2485 Wyttenbach.

1007 2485 1049 2515 ad
1089 2485 1179 2517 plut.
1215 2486 1270 2518 De
1305 2496 1382 2518 sera
1425 2496 1514 2519 num.
1554 2486 1642 2519 vind.

1011 2541 1041 2571 p.
1067 2530 1121 2564 94.

1057 2596 1100 2629 ἐν
1123 2596 1235 2641 αὐτῷ
1262 2610 1301 2631 τε
1328 2601 1380 2642 τῷ
1404 2600 1481 2641 βίῳ
1508 2597 1550 2630 τὸ
1570 2610 1643 2632 πα-

1011 2642 1179 2687 ρεχόμ]
1229 2650 1270 2678 et
1322 2645 1361 2677 in
1410 2646 1502 2687 ipsa
1552 2645 1643 2679 vita

1009 2689 1119 2729 quod
1146 2695 1342 2724 nostrum
1372 2700 1642 2733 unumquem-

1721 2531 1755 2650 1

1723 2705 1741 2971 i

1742 2745 1752 2971 1
