1781 2971
446 165 830 209 EPINOMIS.
865 167 912 208 P.
946 168 1038 209 980.
1072 167 1136 210 St.
1383 169 1462 208 497

119 285 223 337 τοὺς
261 286 400 335 θεοὺς
434 283 675 340 ίμνοῦντες
696 283 871 343 σᾳόδρα
904 288 1108 341 τιμῶμεν,
1147 284 1369 340 εὐχόμενοι
1412 284 1463 326 τοι

118 353 330 395 κάλλιστα
368 353 440 395 καὶ
477 350 638 407 ἄριστα
673 356 770 407 περὶ
807 353 957 396 αὐτῶν
980 360 1139 396 ἐπιέναι
1164 356 1300 404 λέγειν
1339 350 1466 405 ἡμῖνς

119 418 259 470 οὕτως
295 419 319 472 ἢ
356 422 448 470 πῶς
483 423 637 474 λέγεις,-

221 489 324 530 ΚΛ.
397 488 671 542 Θαυμαστῶς
706 492 785 542 μὲν
824 481 904 531 οὗν
941 486 1093 536 οὕτως.
1131 487 1249 536 ἀλλ’,
1294 481 1323 528 ὦ
1366 492 1460 528 ὄαι-
1496 494 1532 537 C

116 555 262 609 μόνιε,
309 554 544 604 πιστεύσας
591 563 684 605 τοῖς
729 557 858 605 θεοῖς
904 554 1030 610 εὔχου
1069 571 1111 597 τε
1149 558 1219 598 καὶ
1257 557 1347 608 λέγε
1385 555 1464 597 τὸν

116 622 298 664 ἐπιόντα
341 637 411 664 σοι
464 621 595 676 λόγον
645 624 732 665 τῶν
780 624 925 665 καλῶν
962 624 1056 678 περὶ
1102 621 1205 672 τοὺς
1243 622 1382 672 θεούς
1421 639 1464 665 τε

116 692 189 732 καὶ
227 689 307 739 τὰς
343 688 471 737 θεάς.

224 758 320 799 ΑΘ.
379 754 532 798 ’Έσται
571 758 727 804 wira,
764 754 821 796 ἂν
858 754 995 805 αὐτὸς
1029 754 1051 797 ὁ
1091 754 1202 805 θεὸς
1222 754 1326 807 ἡμῖν
1351 755 1464 813 ὑφη·

115 825 262 877 γῆται.
301 823 508 876 ξυνεύχου
542 822 700 878 μόνον.

217 890 320 932 ΚΛ.
389 892 549 943 Λὲγοις
584 887 641 932 ἂν
677 887 725 933 τὸ
762 888 872 943 μετὰ
908 892 1057 933 τοῦτο.

223 958 316 999 ΑΘ.
391 958 632 1011 Θεογονίαν
668 961 818 1000 τοίνυν
837 960 909 999 καὶ
938 959 1182 1011 ζωογονίαν
1201 957 1462 1010 ἀναγκαῖον,

117 1022 174 1073 ὡς
208 1028 330 1073 ἔοικε,
368 1025 546 1078 πρῶτον
588 1042 664 1078 μοι
711 1027 852 1074 κακῶς
895 1022 1232 1067 ἀπεικασοὶντων
1269 1027 1356 1067 τῶν
1393 1028 1464 1079 ’έμ-

116 1096 320 1146 προσθεν
350 1092 524 1145 βέλτιον
559 1091 798 1134 ἀπεικάσαι
832 1091 945 1134 κατὰ
983 1089 1062 1135 τὸν
1097 1094 1353 1147 ἔμπροσθεν
1390 1092 1461 1134 λό·

116 1174 216 1211 γον,
262 1157 553 1211 ἀναλαβόντα
592 1157 643 1202 ὃν
677 1158 784 1213 πρὸς
823 1158 925 1209 τοὺς
959 1159 1129 1212 ἀσεβεῖς
1165 1163 1459 1214 ἐπικεχείρηκα

115 1224 285 1278 λόγους,
318 1226 516 1282 φράζων,
555 1225 612 1275 ὡς
646 1228 722 1268 εἰσὶ
766 1229 865 1269 θεοὶ
899 1227 1231 1281 ἐπιμελούμενοι
1268 1226 1460 1277 πάντων,
1497 1243 1536 1284 D

204 1378 519 1424 καθαρώτερόν
557 1392 598 1410 τε
633 1379 684 1421 ὁ.]
720 1380 752 1412 ὁὲ
788 1392 849 1423 pro
886 1395 915 1412 ιε
944 1385 985 1413 Α.
1014 1383 1059 1412 Ω.
1088 1395 1122 1412 -·.
1151 1393 1174 1413 r.
1203 1393 1232 1413 a.
1258 1394 1284 1413 c.
1314 1383 1341 1415 ὸ.
1370 1396 1399 1414 ο.
1428 1389 1464 1416 ut

117 1424 226 1458 edidit
252 1425 451 1459 Schneider.
1241 1428 1247 1433 ¹

208 1472 248 1503 C.
296 1471 483 1503 ἐπιόντα
513 1483 581 1503 σοι
607 1472 659 1513 L]
692 1473 745 1503 ἐπ,
776 1471 831 1503 ἀεί
855 1483 908 1503 σοι
934 1474 961 1503 λ.
990 1483 1097 1516 marg.
1121 1474 1168 1505 Ω.
1197 1485 1225 1506 a.
1254 1486 1282 1506 c.
1313 1475 1342 1506 δ.
1370 1477 1462 1508 etin

116 1522 284 1550 contextu
310 1528 341 1551 x.

207 1564 512 1604 ἐπικεχείρηκα
540 1561 715 1605 λόγους]
752 1564 787 1594 V.
816 1562 931 1605 λόγον,
957 1564 1073 1596 invitis
1105 1565 1220 1606 codd.‚
1250 1571 1285 1597 ut
1311 1566 1460 1608 videtur,

117 1610 261 1642 cunctis.
746 1610 748 1612 ’

116 1746 325 1786 adorare,
362 1744 551 1778 iucunde
578 1754 754 1778 venera-

115 1796 153 1825 ri
195 1793 468 1825 ornamentis
510 1797 555 1823 et
590 1790 755 1824 honori-

116 1840 197 1870 bus
226 1839 366 1871 omnis
391 1838 561 1879 generis
589 1836 753 1870 adhibi-

825 1751 992 1779 rentem
1023 1747 1104 1778 tibi
1138 1749 1333 1789 pulcrum
1372 1760 1458 1782 ser-

824 1802 986 1825 monem
1014 1793 1064 1825 de
1091 1792 1179 1825 diis
1210 1793 1461 1838 deabusque

825 1839 987 1881 profer.
1038 1838 1124 1872 Nam
1167 1839 1208 1872 ad
1254 1844 1319 1873 τῶν
1354 1843 1462 1875 καλῶν

117 1886 202 1924 tis,
236 1889 269 1916 et
295 1885 507 1916 construitur
533 1893 608 1915 cum
636 1883 755 1915 dativo

116 1931 169 1962 vei
208 1931 409 1961 accusativo
450 1929 503 1961 vel
545 1930 646 1961 etiam
679 1939 755 1962 cum

116 1973 208 2019 πρός
234 1981 268 2007 et
283 1975 504 2016 accusativ03
531 1985 560 2006 v.
586 1976 691 2016 intpp.
716 1975 757 2007 ad

116 2022 242 2054 Thom.
269 2022 361 2062 Mag.
394 2031 427 2063 p.
459 2020 537 2055 746.
571 2020 621 2052 De
647 2021 757 2053 forma

117 2069 368 2107 προςτιαίσαντι
419 2066 522 2101 Tim.
566 2066 684 2098 GIOSS.
724 2077 756 2108 p.

116 2113 204 2148 222:
243 2114 525 2155 προςέπιιισε·
574 2113 755 2153 προςέτιαι-

116 2159 166 2194 ξε·
200 2163 246 2203 τῷ
272 2172 301 2190 σ.
326 2157 402 2190 ἀντὶ
426 2161 491 2190 τοῦ·
516 2157 542 2193 ξ.
580 2161 754 2200 κέχρηται.

117 2205 173 2238 ubi
200 2215 230 2237 v.
258 2203 483 2238 Ruhnken.

164 2268 186 2313 ἧ
218 2274 357 2310 δοκεῖ,
394 2271 502 2308 τοὺς
539 2272 676 2310 θεοὺς
711 2291 753 2295 -

118 2318 330 2361 τιμῶμεν]
356 2319 495 2351 Dictum
518 2317 582 2351 hoc
606 2324 643 2351 ut
669 2317 754 2360 Bov'·

118 2365 170 2396 λει
211 2368 378 2405 sequente
420 2365 662 2405 coniunctim,
711 2364 754 2397 de

117 2420 186 2451 quo
212 2420 243 2441 v.
277 2409 496 2442 Matthiae
528 2410 590 2442 Gr.
618 2411 648 2452 ξ.
674 2410 754 2445 516.

118 2456 150 2490 3.
179 2466 210 2497 Ρ.
238 2456 339 2489 1172.
367 2454 421 2486 ed.
447 2455 478 2490 3.
504 2475 548 2480 —
581 2457 756 2487 ἐπιέναι

119 2503 282 2544 λεγειν,
327 2505 372 2533 ut
408 2501 534 2533 nobis
575 2502 614 2534 in
648 2512 756 2534 men-

118 2553 203 2580 tem
254 2548 405 2579 veniat
446 2547 499 2579 de
537 2547 592 2578 iis
635 2557 755 2589 prae·

120 2594 398 2625 stantissima
427 2593 589 2625 dicere.

134 2661 204 2693 -Ο,
261 2660 496 2697 πιστεύσας
545 2665 637 2695 τοῖς
687 2665 754 2693 θε-

121 2709 185 2743 οῖς
216 2706 282 2749 -]
332 2708 400 2749 pia
449 2717 542 2740 cum
594 2706 755 2740 fiducia

121 2761 306 2793 precare
349 2753 453 2786 deos
504 2758 546 2786 et
583 2763 754 2786 succur-

180 2819 270 2851 Plat.
303 2820 391 2862 Opp.
420 2821 499 2854 Vol.
517 2820 545 2853 X
585 2821 675 2854 Sect.
696 2821 751 2855 ΙΗ·

825 1885 883 1917 int.
910 1883 1028 1927 λόγων.

877 1929 1111 1972 Θεογονίαν
1136 1931 1361 1974 τοίνυνῄ]
1388 1934 1459 1966 Ex-

825 1977 1038 2017 scripserunt
1069 1975 1152 2007 haec
1182 1986 1294 2018 usque
1318 1979 1363 2010 ad
1389 1981 1461 2010 ἐπι-

826 2023 1001 2064 κεχείρηκα
1042 2020 1145 2063 λόγον
1189 2021 1454 2058 Theodoret.

826 2068 907 2099 Cur.
937 2067 1002 2098 Aff.
1027 2066 1089 2098 Gr.
1119 2078 1150 2108 p.
1169 2068 1248 2102 128.
1275 2070 1328 2102 ed.
1348 2070 1459 2103 Gaisf.

827 2119 860 2145 et
886 2112 1037 2145 Euseb.
1065 2113 1188 2156 Praep.
1216 2115 1278 2147 Ev.
1306 2116 1399 2149 Xlll.
1426 2118 1458 2151 2.

826 2170 858 2201 p.
898 2159 975 2194 640.
1017 2160 1057 2191 D.
1117 2159 1186 2192 Pro
1225 2161 1362 2204 πρῶτόν
1398 2175 1461 2205 μοι

824 2205 958 2238 Theod.
984 2207 1120 2248 πρῶτον
1143 2206 1230 2248 ἐμοί.
1279 2208 1348 2240 Pro
1373 2209 1459 2240 κατὰ

823 2250 885 2283 τὸν
926 2251 1122 2293 ἔμπροσθεν
1163 2251 1267 2294 λόγον
1314 2259 1460 2295 uterque

821 2296 907 2329 κατὰ
929 2296 991 2328 τὸν
1005 2295 1151 2340 ὕστερον
1164 2298 1193 2329 λ.
1220 2299 1310 2332 Dein
1325 2299 1458 2333 Theod.

825 2348 859 2376 et
876 2343 903 2375 E
916 2353 961 2375 us
974 2343 1035 2374 eb.
1063 2341 1286 2385 ἀναλαβόντα
1304 2345 1360 2377 καὶ
1374 2345 1461 2389 πρός

824 2402 854 2421 τ.
878 2388 932 2420 ἅσ.
970 2388 1039 2420 Pro
1062 2388 1295 2433 ἐπικεχείρηκα
1320 2390 1460 2425 Theo·

825 2435 911 2467 dor.
938 2433 1150 2474 ἐληλυθότα.

870 2478 1152 2520 ἀναλαβόντα
1178 2478 1280 2512 ὃν-
1300 2481 1459 2524 λόγους

825 2540 852 2557 κ.
885 2539 915 2559 τ.
949 2525 1003 2567 λ.]
1054 2526 1276 2559 Manifestum
1323 2539 1365 2562 ex
1408 2528 1457 2562 his

826 2577 896 2612 est,
928 2578 1102 2604 auctorem
1131 2574 1244 2614 operis
1279 2574 1458 2617 Epiuomi-

825 2618 903 2650 dem
936 2628 978 2650 eo
1011 2619 1155 2651 consilio
1183 2620 1388 2662 scripsisse,
1423 2627 1459 2654 ut

822 2664 938 2706 Leges
977 2669 1152 2704 tamquam
1201 2674 1460 2700 consummaret

823 2715 924 2751 atque
950 2709 1142 2752 perficeret.
1182 2710 1251 2744 Sed
1278 2712 1353 2745 falsi
1380 2719 1459 2745 sunt

822 2756 879 2797 qui
919 2756 1093 2788 hominem
1134 2756 1208 2788 hinc
1244 2759 1459 2801 collegerunt

1138 2814 1190 2854 32
