1781 2971
253 495 291 535 B

333 186 411 227 186

433 301 535 340 ΚΛ.
607 298 722 351 Ναὶς

820 179 1192 224 PLATONIS

763 298 894 340 τοῦτο
929 299 1009 352 μὲν
1043 295 1231 350 ἀνάγκη,
1269 294 1434 338 τούτων
1472 299 1517 337 ἓν
1555 312 1599 349 γε
1638 311 1677 336 τι

330 367 506 421 ὁρῶσαν
542 361 691 422 ψυχὴν
727 363 877 406 πάντα
915 364 1095 416 διάγειν.

434 476 533 519 ΑΘ.
615 474 765 518 Αὐτοῦ
825 475 877 528 δὴ
937 472 1122 529 ἄμεινον
1168 474 1338 526 ταύτην
1384 472 1464 525 τὴν

1519 463 1680 532 ψυχήὺ,

331 545 414 586 εἴτε
461 547 506 585 ἐν
550 539 748 597 ἅρμασιν
793 546 950 599 ἔχουσα
998 539 1102 596 ἡμῖν
1146 538 1274 593 ἥλιον
1317 538 1414 594 ἄγει
1455 540 1549 598 φῶς
1589 547 1681 588 τοῖς

330 608 500 653 ἅπασιν
516 642 525 660 ,
573 609 654 652 εἴτ’

707 609 874 661 ἔξωθεν
889 641 898 658 ,
941 607 1035 651 εἴθ’

1096 605 1214 656 ὅπως
1258 606 1352 650 εἴθ’
1407 606 1519 667 ὅπῃ,
1566 605 1680 648 θεὸν

332 677 540 732 ἡγεῖσθαι
574 676 713 733 χρεών
751 677 898 719 πάντα
936 674 1096 730 ἄνδρα.
1134 673 1158 726 ἢ
1199 676 1316 724 πῶς’,

425 852 465 883 Ρ.
500 851 578 884 899.

634 851 740 881 Ναί
784 854 920 881 τοῦτο
961 851 1032 892 μὲν
1069 850 1131 881 ἀι.
1167 849 1231 890 -]
1268 849 1381 890 Vulgo
1414 848 1546 881 Cliniae
1577 856 1680 879 unum

331 897 423 930 istud
457 896 532 927 Ναί
564 895 801 938 tribuebatur3
833 906 900 937 quo
935 896 1028 927 facto
1064 896 1222 936 proxima
1256 896 1372 926 Τουιο
1398 895 1457 934 μὲν
1482 912 1525 917 -
1552 891 1684 934 διάγειν

331 943 372 976 ad
400 942 590 975 orationem
621 941 839 973 Atheniensis
865 939 1100 973 trahebantur.

1154 941 1306 972 Mutaiit
1331 940 1453 972 l'iciuo
1480 939 1567 971 duce
1595 939 1683 970 Her-

333 998 495 1026 mnnnus,
537 987 715 1018 verissimo.
748 988 802 1019 iiie
839 986 1113 1018 animadvertens
1150 985 1295 1018 Cliniam
1338 985 1528 1017 secundnm
1564 985 1681 1025 vulga-

332 1046 402 1066 rem
431 1042 660 1075 personarum
689 1032 971 1064 distributionem
1001 1033 1098 1064 nimis
1126 1032 1214 1064 nude
1242 1032 1454 1073 respondere
1479 1031 1571 1067 Ναί;
1596 1039 1684 1062 nunc

331 1150 418 1189 γεῖ]
463 1146 507 1179 H.
551 1157 580 1178 e.
623 1144 770 1184 ducit,
809 1142 902 1185 quod
944 1144 975 1175 in

333 1203 400 1226 una
432 1192 544 1234 Epist.
584 1191 661 1223 Vll.
690 1201 720 1231 p.
747 1189 826 1223 340.
854 1190 892 1221 C.
922 1200 975 1221 re-

332 1240 481 1282 peritur,
526 1236 615 1279 apud
654 1236 838 1268 Platonem
876 1245 976 1275 prae·

334 1291 428 1318 terea
463 1293 632 1324 nusquam
670 1283 810 1323 legitur.
862 1281 976 1312 Tanto

332 1332 488 1364 crebrius
537 1329 600 1361 hoc
648 1329 756 1359 verbo
802 1332 836 1360 et
875 1327 977 1358 simili

332 1377 531 1418 ποδηγετεῖν
559 1379 702 1406 utuntur
722 1370 893 1405 Platonici
922 1383 976 1404 re-

334 1424 520 1456 centiores.
552 1421 737 1453 Procius
767 1420 798 1451 in
825 1419 916 1450 Tim.
942 1429 973 1460 p.

331 1469 364 1503 4.
392 1478 483 1501 vers.
509 1467 565 1501 29.
592 1465 834 1507 ποδηγετοιῖοα
859 1465 894 1496 δὲ
915 1463 976 1494 τὸν

333 1515 418 1547 ολοι
451 1514 606 1600 κόρσμον
616 1514 691 1547 ταῖς
721 1512 846 1551 ἑαυτῆς
871 1508 975 1541 δυνά-

333 1573 443 1605 μεσιν.
476 1557 559 1592 ibid.
647 1556 711 1597 18,
736 1556 793 1590 32.
830 1555 972 1597 ποδηγε-

330 1602 835 1649 -ιουμένην,11)ἱ<1.Ρ.276,
867 1601 922 1635 10.
958 1612 976 1633 a

331 1654 387 1685 fln.
413 1655 482 1687 πῶς
508 1651 542 1683 δὲ
569 1647 799 1691 ποδηγειήοει
829 1647 891 1687 τὴν
914 1658 975 1689 με·

331 1696 484 1739 ταβολῆν
520 1699 585 1728 τῶν
619 1696 817 1734 στοιχείωνς
857 1692 974 1725 Theo-

333 1746 403 1786 log.
434 1744 569 1775 Platon.
598 1740 703 1773 1.15.
735 1751 766 1781 p
793 1739 848 1773 39.
884 1738 974 1771 med.

333 1791 369 1821 αἱ
417 1787 531 1832 ψυχαὶ
579 1786 770 1828 ποδηγοΰσι
811 1784 849 1817 τὸ
895 1787 973 1816 πᾶν.

331 1835 423 1869 Ibid
452 1846 483 1875 p.
503 1834 565 1874 41,
591 1832 646 1866 16.
675 1842 692 1862 a
721 1832 774 1864 fin.
803 1841 832 1862 c.
859 1830 912 1864 16.
942 1841 974 1872 p.

332 1882 388 1916 43.
424 1881 485 1913 IV.
519 1880 551 1914 5.
591 1889 622 1920 p.
657 1877 734 1912 187.
768 1876 822 1910 iV.
860 1876 913 1910 14.
943 1887 974 1918 p.

332 1929 412 1962 201.
446 1928 488 1958 V.
514 1926 568 1961 20.
600 1935 632 1966 p.
660 1924 738 1957 296.
771 1923 829 1955 vI.
856 1923 912 1956 23.
941 1933 973 1964 p.

332 1973 412 2008 404.
442 1971 596 2005 Marini
625 1970 694 2001 Vit.
726 1969 838 2001 Proci.
865 1980 896 2011 p.
921 1969 975 2002 17.

333 2020 388 2053 ed.
416 2019 530 2051 Boiss.
558 2016 685 2058 ποδηγε
694 2028 703 2046 ι
713 2013 868 2057 οιῖμενος.

382 2109 486 2141 Ναί·
522 2111 654 2141 τοῦτο
690 2107 762 2149 μὲν
800 2105 976 2148 ἀνάγκη,

334 2168 410 2189 του
428 2168 506 2187 των
538 2154 577 2185 ἓν
611 2155 654 2192 γε’
682 2152 740 2194 τι]
779 2152 835 2184 De
868 2156 976 2184 τοῦτο

331 2199 461 2244 ἅναγκη
494 2211 523 2232 v.
559 2201 600 2232 ad
630 2197 738 2240 Gorg.
765 2209 797 2240 p.
826 2197 904 2235 504
934 2199 976 2230 D.

337 2247 503 2280 Proxima
531 2247 580 2278 sic
606 2243 828 2287 intelligenda
859 2244 975 2277 siden-

336 2298 412 2326 ωτι
450 2294 544 2336 ipso
575 2292 712 2333 igitur
737 2292 860 2331 (sole),
888 2295 975 2322 tan-

335 2350 462 2383 quam
522 2339 677 2371 meiius
737 2336 975 2378 quiddam

337 2386 501 2419 hancce
556 2385 739 2417 animam
795 2388 978 2431 oportet

336 2433 387 2465 ab
412 2439 678 2484 unoquoque
704 2439 776 2472 pro
803 2418 882 2461 deo
910 2429 975 2462 ha-

336 2479 452 2518 beri,
486 2477 689 2509 aiveina
716 2477 855 2508 solem
883 2485 977 2507 cur-

336 2534 410 2556 rus
446 2526 542 2556 ioco
574 2522 738 2557 habens
764 2521 894 2554 ducat
920 2522 977 2554 iu-

337 2575 506 2602 centem
540 2568 759 2608 omnibus,
793 2578 885 2600 sive
911 2578 975 2600 ex-

337 2617 563 2648 trinsecus
602 2624 693 2647 eum
745 2618 848 2657 agat
886 2614 976 2646 sive

337 2670 601 2703 quocunque
627 2661 713 2693 alio
740 2659 879 2693 modo.
910 2661 974 2694 ita-

337 2718 404 2750 que
439 2705 551 2739 αὐτοῦ
586 2716 662 2738 cum
698 2707 821 2739 Astio
847 2705 889 2738 ad
915 2716 973 2739 so-

336 2755 401 2788 lem
427 2753 620 2786 referimus.
672 2752 743 2786 Nec
761 2756 875 2786 tamen
902 2753 973 2785 viro

1044 1145 1249 1179 doctissimo
1288 1147 1496 1178 assentimur
1545 1145 1577 1176 in
1628 1155 1684 1183 eo,

1044 1193 1137 1234 quod
1168 1191 1207 1233 ὀὴ
1244 1193 1276 1223 in
1320 1192 1353 1223 δὲ
1385 1189 1590 1224 commutari
1626 1200 1684 1221 vo-

1045 1240 1116 1273 luit.
1166 1237 1305 1271 Deinde
1330 1238 1471 1278 ἄμεινον
1496 1236 1685 1278 accipimus

1045 1285 1106 1324 sic,
1132 1289 1170 1316 ut
1196 1284 1286 1316 idern
1313 1284 1359 1315 sit
1383 1287 1490 1324 atque
1517 1280 1560 1317 ὥς
1586 1281 1684 1323 ἄμει-

1044 1330 1104 1361 νόν
1143 1342 1190 1361 τις
1244 1340 1313 1370 qua
1362 1331 1497 1361 ratione
1536 1328 1683 1368 probata

1046 1386 1113 1408 non
1140 1385 1228 1417 opus
1243 1380 1308 1412 est,
1334 1378 1373 1407 ut
1399 1385 1475 1406 cum
1501 1373 1685 1415 Stepha-

1045 1432 1095 1455 no
1120 1420 1160 1453 τὸ
1190 1421 1330 1463 ἄμεινον
1355 1417 1467 1453 αι’ῐοῦ
1493 1424 1552 1451 aut
1577 1419 1686 1452 simile

1045 1468 1127 1509 quid
1159 1472 1348 1510 reponatur
1383 1467 1433 1499 De
1465 1470 1589 1498 neutro
1625 1465 1684 1498 ad-

1045 1514 1246 1546 iectivorum
1275 1513 1349 1544 sine
1375 1526 1410 1544 τι
1439 1516 1608 1553 usurpato
1636 1511 1684 1543 di-

1045 1561 1158 1592 ximus
1193 1559 1238 1592 ad
1275 1558 1436 1601 Sympos.
1476 1569 1508 1601 p.
1536 1557 1616 1592 176.
1646 1557 1684 1589 B.

1045 1607 1087 1638 al.
1131 1605 1431 1638 Schneiderus
1478 1604 1583 1636 verba
1621 1602 1684 1634 αὖ·

1045 1655 1109 1684 τοῦ
1149 1650 1188 1692 δὴ
1231 1651 1373 1692 ἄμεινον
1408 1650 1503 1682 uncis
1542 1649 1686 1682 seclusit

1043 1703 1080 1729 ut
1102 1700 1287 1738 suspecta,
1320 1700 1356 1728 et
1386 1695 1569 1738 legendum
1596 1696 1685 1727 coni.

1043 1744 1168 1776 deinde
1183 1741 1314 1784 ταύτην
1331 1741 1369 1782 δὴ
1389 1741 1452 1782 τὴν
1466 1751 1504 1784 ψ.
1536 1741 1685 1773 Formu-

1045 1792 1092 1822 la:
1130 1791 1162 1821 ἐν
1188 1788 1338 1831 ἅρμασιν
1362 1789 1485 1828 ἔχουσα
1512 1791 1583 1819 est:
1619 1797 1684 1819 so-

1046 1837 1125 1868 lem
1170 1841 1364 1875 tanquam
1407 1835 1444 1865 in
1476 1832 1685 1866 curribus

1045 1887 1085 1915 et
1134 1880 1358 1914 vehiculis
1409 1879 1574 1911 babens
1621 1889 1686 1911 eo·

1044 1938 1126 1969 que
1152 1927 1277 1959 modo
1304 1936 1447 1965 anens.
1500 1925 1558 1957 Sic
1585 1925 1686 1957 Plato

1044 1975 1119 2016 ipse
1150 1974 1240 2005 Tim.
1269 1983 1300 2013 p.
1327 1971 1382 2005 41.
1411 1970 1451 2003 C.
1477 1971 1518 2003 D.
1553 1971 1688 2003 animos

1044 2025 1136 2053 astra
1160 2013 1322 2059 'tanquam
1345 2016 1496 2049 uehicuia
1517 2017 1685 2058 quaedam

1044 2067 1143 2099 iubet
1181 2063 1428 2097 conscendere.
1487 2062 1571 2095 Mox
1612 2061 1685 2095 εἴθ’

1044 2112 1130 2152 δ’πῃ,
1158 2112 1188 2143 in
1215 2110 1349 2142 duobus
1377 2109 1554 2141 codicibus
1580 2109 1686 2141 omis-

1045 2169 1140 2196 sum,
1174 2157 1281 2188 habet
1317 2165 1399 2187 sane
1439 2154 1562 2195 aliquid
1601 2154 1684 2186 vitii.

1045 2202 1274 2236 Scribendum
1318 2201 1425 2234 enim:
1475 2198 1550 2232 εἴθ’
1596 2198 1686 2236 ὅπως

1043 2255 1116 2296 καὶ
1148 2258 1242 2302 ὅπῃ,
1281 2256 1557 2300 qnandoquidem
1594 2254 1685 2294 ὅπως

1044 2322 1079 2350 et
1103 2315 1172 2359 ὅπη
1199 2325 1267 2347 non
1292 2316 1409 2347 solent
1434 2313 1593 2355 disiungi,
1624 2313 1685 2346 sed

1045 2365 1161 2406 potius
1211 2362 1392 2402 coniungi
1443 2364 1479 2392 ut
1525 2363 1682 2392 nostrum

1045 2409 1118 2441 auf
1139 2407 1296 2440 welche
1324 2411 1400 2439 Art
1426 2406 1504 2438 und
1530 2404 1683 2439 Weise.

1045 2456 1104 2488 Sic
1135 2455 1253 2487 statim
1290 2458 1369 2496 post
1411 2457 1498 2485 sect.
1536 2451 1577 2484 B.
1615 2453 1685 2484 εἴτε

1045 2501 1113 2543 ὅπη
1147 2512 1181 2532 τε
1216 2499 1273 2530 καὶ
1304 2498 1410 2532 ὅπως.
1443 2497 1623 2531 Phaedon.
1650 2508 1683 2539 p.

1048 2548 1135 2635 100p
1143 2547 1182 2578 D.
1211 2545 1279 2590 υήῃ
1304 2545 1357 2576 καὶ
1384 2542 1489 2581 ὅπως.
1515 2544 1572 2576 De
1591 2543 1682 2585 Rep.

1047 2596 1087 2628 X.
1141 2592 1254 2627 .612
1286 2597 1323 2624 Α.
1350 2592 1415 2623 εἵιε
1441 2588 1525 2632 ἕπῃ.
1535 2591 1604 2629 ἔχει
1630 2588 1686 2620 καὶ

1044 2639 1152 2676 ὅπως.
1178 2639 1268 2670 Ibid.
1298 2649 1330 2680 p.
1347 2637 1424 2671 621.
1446 2635 1483 2667 Β.
1511 2647 1580 2680 οπῃ
1605 2640 1684 2690 μέν.

1045 2699 1100 2718 τοι
1135 2686 1190 2717 καὶ
1227 2682 1319 2720 ὅπως
1345 2683 1389 2719 εἰς
1414 2680 1452 2713 τὸ
1485 2684 1582 2723 σῶμα
1606 2676 1685 2722 α’φΙ·

1044 2727 1518 2773 u0110.¹egg.ii-p.652.
1551 2725 1686 2771 Α.οπη
