1781 2971
302 110 383 151 ‘224
787 109 1175 154 PLATONIS

304 227 459 278 νῆταις
507 222 618 279 τάχα
654 226 699 267 δὲ
735 223 820 268 κᾶν
866 225 1184 270 ἀπεικασθεῖεν
1229 231 1538 282 στρατοπέδων
1575 225 1655 284 ἄρ-

300 295 426 348 χουσί
464 305 590 334 τισιν.
638 290 713 344 εἴη
743 291 781 333 δ’
825 290 883 335 ἂν
920 296 994 336 καὶ
1029 294 1173 337 νόσων
1210 291 1406 349 πόλεμον
1442 294 1656 349 εὐλαβου-

303 364 453 414 μένοις
488 362 658 412 ἰατροῖς
692 362 882 401 ὲοικέναι
907 362 1005 417 περὶ
1033 358 1231 416 σώματα,
1267 357 1291 412 ἢ
1328 370 1537 416 γεωργοῖς
1558 364 1654 417 περὶ

190 430 275 471 906
306 427 460 484 φυτῶν
511 428 678 479 γένεσιν
725 427 939 476 εἰωθυίας
983 423 1102 482 ὥρας
1141 424 1338 481 χαλεπὰς
1382 427 1452 469 διὰ
1500 426 1655 486 φόβων

303 493 684 549 προςὸεχομένοις,
731 489 758 543 ἢ
805 494 878 535 καὶ
924 497 1139 548 ποιμνίων
1189 492 1460 544 ἐπιστάταις.
1506 494 1653 546 ἐπειδὴ

302 558 387 617 γὰρ
434 555 823 614 συγκεχωρήκαμεν
858 556 965 614 ἡμῖν
1008 558 1162 609 αὐτοῖς
1209 560 1316 603 εἶναι
1353 562 1434 615 μὲν
1466 558 1546 603 τὸν
1580 560 1654 604 οὐ·

302 623 442 678 ρανὸν
487 626 664 668 πολλῶν
707 623 869 679 μεστὸν
918 626 1142 680 ἀγαθῶν,
1186 625 1296 671 εἶναι
1348 629 1394 670 ὑὲ
1444 629 1519 670 καὶ
1568 628 1655 670 τῶν

303 695 514 735 ἐναντίων
525 723 535 743 ,

394 868 433 900 P.
461 866 540 902 906.

303 925 332 944 ν.
361 913 390 945 b.
421 923 447 947 r.
473 924 504 945 a
534 922 563 944 c.
590 909 621 943 δ.
653 921 684 943 o.
717 921 751 943 x.
783 920 994 946 correctum.

303 958 412 992 dum?
462 958 545 990 Dein
576 957 657 989 Eus.
688 958 980 1010 συνεχωρήσαμεν.

597 691 808 734 πλειόνων
858 695 903 735 δὲ
952 695 1040 736 τῶν
1077 692 1164 748 μή,
1211 692 1332 749 μα’χη
1371 692 1448 746 δή,
1496 698 1654 753 φαμέν,

593 864 657 897 dte}
689 876 739 906 φυ
724 862 844 906 ω’βων
875 867 1047 910 προςδ.]
1100 868 1138 900 V.
1165 867 1302 909 φόβον,
1334 869 1426 910 quod
1461 880 1503 902 ex
1541 872 1579 901 A.
1616 868 1654 900 Ω.

1050 914 1136 947 Num
1171 915 1262 947 forte
1293 913 1348 947 διὰ
1381 914 1506 956 φόβου
1536 916 1652 956 legen-

394 1003 512 1036 ἐστιν
539 999 558 1044 ἦ
587 1001 793 1045 τοιαύτη]
830 1016 848 1045 η
874 1017 941 1040 oni
969 1010 1008 1038 A.
1036 1011 1081 1039 et.
1108 1016 1158 1047 pr.
1190 1003 1227 1036 Ω.

303 1145 396 1177 dem
425 1142 647 1185 possimus
673 1141 850 1181 assequi
879 1140 944 1173 mi-

304 1200 437 1223 nores
463 1186 815 1220 cummaioribus
836 1197 944 1219 com-

302 1239 540 1277 parantes,
588 1232 619 1265 h.
658 1243 689 1266 e.
734 1233 858 1273 quibus
896 1232 943 1264 uti

302 1282 476 1322 possimus
510 1281 540 1312 in
568 1279 732 1311 maiorum
772 1284 807 1310 et
832 1279 943 1311 mino-

304 1338 378 1361 rum
405 1325 678 1368 comparatione.

347 1395 414 1435 εἴη
450 1392 483 1426 δ’
516 1391 565 1424 ἄν
599 1392 668 1423 καὶ
701 1390 835 1423 τόσωι
865 1390 944 1423 πό-

303 1443 432 1483 λεμον
472 1439 538 1480 -]
588 1439 762 1480 possint
811 1437 942 1470 etiam

300 1486 466 1519 simiies
494 1495 592 1517 esse
614 1482 945 1516 morborumbel:

300 1533 379 1565 lum
415 1532 451 1571 (i.
480 1542 508 1563 e.
537 1530 721 1572 impetum)
750 1530 943 1562 caventi-

301 1580 379 1610 bus
417 1576 606 1609 medicis
650 1575 701 1607 de
740 1575 942 1618 corpori-

299 1626 390 1656 bus.
425 1641 468 1646 ——
524 1619 591 1652 διᾶ
634 1620 782 1661 φόβων
820 1633 942 1665 προς-

299 1671 575 1710 δεχομένοις,
629 1677 789 1708 graves
839 1668 942 1699 anni

299 1718 599 1756 tempestates
646 1723 737 1744 cum
778 1713 943 1746 timore

301 1759 661 1802 excipientibus,
696 1758 844 1800 ideoque
876 1759 940 1791 eti-

299 1817 353 1840 am
385 1805 621 1849 perniciosam
650 1814 764 1836 earum
791 1805 858 1837 vim
886 1815 941 1836 ar-

299 1863 381 1886 cere
416 1851 629 1884 conantibus.
683 1850 739 1882 De
777 1849 833 1881 διὰ
876 1849 941 1892 φό-

297 1901 367 1940 βων
392 1909 417 1930 s.
446 1895 502 1929 διὰ
520 1895 638 1940 φόβου
664 1906 694 1927 v.
722 1896 943 1929 Matthiae

301 1944 362 1977 Gr.
391 1945 420 1985 ξ.
447 1942 529 1977 580.
561 1954 591 1976 e.
633 1941 773 1982 Viget.
803 1952 823 1983 p
860 1942 940 1977 585.

301 1990 506 2023 Affectatior
531 1998 614 2020 sane
640 1988 670 2019 in
690 1987 738 2019 bis
761 1988 865 2021 dictio
878 1993 942 2021 est.

344 2058 385 2090 P.
412 2057 492 2091 906.

296 2101 631 2145 κεχωρήκαμεν]

298 2149 381 2182 haec
407 2148 631 2181 Eusebius
664 2157 774 2188 usque
808 2147 850 2179 ad
884 2147 941 2178 καὶ

296 2192 472 2236 δαιμόνων
499 2194 624 2234 Praep.
648 2193 782 2234 Evang.
800 2193 863 2224 ΧΙ.
883 2193 938 2227 26.

300 2252 331 2282 ρ.
358 2240 442 2275 549.
471 2241 510 2272 D.
537 2239 631 2272 ΧΙΙΙ.
660 2239 714 2275 13.
742 2250 773 2280 ρ.
801 2239 878 2273 671.
899 2241 937 2270 A.

300 2286 432 2320 clem.
471 2286 524 2318 Al.
557 2286 690 2317 Strom.
727 2285 764 2316 V.
797 2296 830 2326 p.
858 2284 937 2320 593.

301 2333 340 2365 Β.
377 2332 419 2364 Τ.
450 2332 492 2364 11.
529 2343 562 2373 p.
601 2331 680 2366 702.
711 2331 766 2364 ed.
804 2331 939 2364 Potter.

298 2379 354 2419 qui
382 2380 478 2420 plura
510 2378 541 2409 in
568 2387 644 2409 ann.
694 2377 746 2409 Ibi
780 2378 939 2409 scribitur

298 2429 422 2456 contra
462 2422 565 2456 codd.
607 2423 759 2456 Platonis
796 2435 939 2464 συνεχω-

297 2468 461 2511 ρήσαμεν.
497 2487 541 2492 --
601 2468 677 2500 τᾶν
724 2467 940 2513 οὐρανόν,

298 2515 409 2547 hunc
456 2514 678 2556 mundum3
726 2513 831 2547 hanc
869 2525 938 2547 re-

296 2570 387 2593 rum
427 2561 775 2593 universitatem.
826 2560 938 2593 Verba

295 2604 513 2638 πλειόνων
538 2606 578 2638 δὲ
604 2609 683 2638 τῶν
707 2604 777 2648 μή,
805 2617 853 2638 sc.
873 2609 940 2637 τῶν

296 2667 341 2694 μη
377 2652 548 2691 ἐναντίων,
577 2652 609 2683 h.
626 2663 654 2685 e.
681 2655 747 2683 τῶν
771 2650 938 2694 ἀνηθιῦνζ

293 2697 521 2733 correctionis
548 2702 581 2731 et
607 2697 832 2731 restrictionis
859 2709 937 2741 gra-

549 2054 700 2096 ἐπειδὴ
734 2054 778 2096 γᾶ
793 2069 811 2097 ρ
847 2068 939 2097 συγ-

704 2101 943 2143 Transcripsit

1012 1142 1058 1173 tia
1085 1140 1204 1174 addita
1231 1140 1402 1174 videntur.
1434 1140 1653 1181 Quamquam

1015 1186 1116 1219 dubia
1150 1191 1204 1220 est
1240 1197 1359 1219 eorum
1401 1187 1654 1227 interpretatio.

1015 1251 1057 1256 -—-
1095 1231 1207 1274 μα’χη
1241 1232 1290 1274 δὴ
1327 1245 1362 1275 φ.
1404 1231 1654 1273 ἀθάνατος,

1014 1277 1042 1310 h.
1076 1289 1106 1311 e.
1139 1279 1308 1318 ἄπλετος,
1346 1277 1393 1310 nti
1426 1278 1555 1320 legitur
1585 1278 1654 1311 So·

1013 1324 1114 1365 phist.
1144 1335 1176 1366 p.
1206 1324 1285 1358 246.
1313 1324 1353 1356 C.

1061 1370 1101 1402 B.
1151 1372 1192 1401 ἐν
1225 1373 1322 1406 ταῖς
1356 1372 1433 1401 τῶν
1469 1372 1579 1401 θεῶν
1611 1388 1652 1394 -

1012 1414 1239 1459 δυνάμεσι]
1268 1415 1298 1448 h.
1315 1428 1343 1449 e.
1373 1416 1406 1446 ἐν
1434 1419 1562 1456 ψυχαῖς
1587 1418 1654 1447 τῶν

1014 1463 1124 1502 θεῶν,
1167 1472 1256 1503 quae
1297 1465 1464 1494 iocantur
1501 1463 1655 1503 ἕμψυχοι

1013 1506 1188 1560 δυνάμεις,
1216 1507 1365 1540 dictione
1391 1507 1506 1547 paullo
1532 1508 1652 1547 exqui-

1012 1553 1150 1593 sitiore,
1178 1560 1215 1585 ut
1241 1554 1429 1595 potentiam
1455 1557 1559 1594 atque
1584 1554 1652 1586 vim

1012 1598 1162 1632 divinam
1183 1608 1478 1632 commoneamur
1492 1616 1533 1622 —
1545 1600 1652 1651 βρα-

1009 1643 1056 1683 χὺ
1110 1646 1155 1677 δέ
1200 1657 1239 1676 -ιι
1290 1658 1372 1676 των
1418 1641 1654 1681 τοιουᾝτων

1011 1700 1059 1722 Sc.
1086 1702 1219 1722 τουτων
1245 1702 1312 1722 ’των
1337 1688 1476 1732 αρετῶν.
1505 1709 1546 1714 -
1582 1689 1653 1722 καὶ

1010 1736 1133 1777 τῇδε,
1161 1737 1289 1769 etiam
1317 1737 1400 1776 hic,
1425 1737 1458 1767 in
1485 1735 1533 1768 his
1560 1747 1651 1769 nior·

1011 1783 1130 1814 talium
1158 1783 1314 1821 sedibus,
1341 1782 1371 1814 in
1399 1780 1447 1815 his
1476 1782 1590 1815 terris.
1610 1801 1652 1806 —

1013 1830 1147 1870 σαφὲς
1208 1828 1318 1868 ἴδοι,
1377 1828 1498 1861 clare
1557 1827 1652 1869 quis

1011 1878 1171 1906 cernat

1060 1918 1198 1960 ψυχαὶ
1239 1918 1284 1950 δέ
1314 1930 1430 1955 τινες
1470 1916 1537 1950 ἐπὶ
1572 1920 1650 1960 γῆς

1011 1964 1186 1997 οἰκοῦσι
1218 1963 1284 2006 --]
1324 1964 1409 1997 Iam
1454 1973 1556 1997 vero
1595 1964 1651 1996 in-

1011 2015 1083 2044 ter
1121 2011 1290 2043 animos
1330 2015 1496 2043 terram
1533 2011 1650 2042 inco-

1011 2058 1155 2090 lentes
1221 2056 1412 2097 repei-iri
1468 2055 1649 2089 manife—

1010 2106 1126 2135 stum
1166 2106 1259 2141 est,
1307 2102 1377 2142 qui
1417 2101 1464 2133 ad
1503 2105 1648 2134 custo-

1010 2148 1104 2180 dum
1132 2148 1293 2180 animos
1319 2148 1382 2180 vel
1410 2157 1558 2180 canum
1585 2148 1649 2180 vei

1010 2198 1239 2235 pastorum
1286 2193 1350 2226 vei
1389 2203 1648 2227 summorum

1009 2239 1275 2272 dominorum
1302 2238 1564 2272 accedentes
1589 2239 1648 2273 fe-

1007 2285 1041 2317 ri
1069 2289 1110 2318 et
1136 2285 1345 2318 immanes
1367 2284 1539 2317 blandis
1565 2295 1648 2318 ser-

1008 2330 1208 2364 monibus
1235 2331 1289 2363 iis
1315 2336 1534 2363 conantur
1556 2341 1647 2372 per-

1007 2376 1203 2410 suadere
1229 2395 1286 2416 -,
1312 2381 1357 2409 ut
1382 2377 1470 2409 sibi
1498 2377 1645 2417 liceat,

1009 2423 1203 2463 quamvis
1229 2424 1351 2463 plura
1378 2423 1467 2455 sibi
1494 2432 1646 2463 suppe-

1009 2474 1129 2501 tant.
1189 2475 1334 2502 tamen
1394 2468 1495 2500 nihi!
1547 2467 1646 2500 maii

1010 2515 1197 2556 perpeti,
1226 2519 1290 2546 etr.
1329 2514 1542 2547 Sententiam
1570 2523 1644 2546 ver-

1008 2561 1127 2592 borum
1166 2561 1217 2593 vei
1250 2561 1362 2603 primo
1390 2559 1559 2602 adspectu
1586 2569 1646 2601 pa-

1008 2610 1059 2639 tet
1099 2617 1263 2648 perquam
1303 2616 1381 2638 esse
1421 2606 1572 2646 ineptam
1614 2610 1648 2637 et

1007 2652 1274 2685 subabsurdam.
1321 2652 1557 2687 Quamobrem
1584 2651 1646 2683 mi-

1008 2708 1142 2739 ramur,
1188 2698 1328 2732 criticos
1365 2702 1399 2731 et
1438 2698 1645 2740 interpretes
