1781 2971
272 139 354 182 DE
392 138 667 182 LEGIBUS
706 140 820 182 LIB.
856 140 938 183 IX.
973 141 1018 184 P.

83 274 191 312 μους

1054 142 1149 185 858.
1183 142 1247 186 St.
1383 146 1436 187 35

250 261 523 312 γεγραμμένα
575 261 825 317 φαίνεσθαι
876 259 1229 316 διαπτυττόμενα
1279 265 1435 318 μακρῷ

71 325 294 366 χκοιλλιοινοὲ
337 341 378 366 τε
423 327 494 367 καὶ
541 324 724 382 ἄριστα,
774 326 829 368 τά
868 329 912 370 δὲ
952 330 1038 370 τῶν
1082 327 1230 370 ἄλλων
1266 326 1291 380 ἢ
1328 328 1427 371 κατ’

83 396 223 434 ἐκεῖνα
259 390 555 447 ξυνεπόμενα,
600 390 624 445 ἢ
662 396 975 451 διαφωνοῦντα
1015 395 1170 446 αὐτοῖς
1209 394 1318 439 εἶναι
1356 413 1430 439 κα-

86 462 359 512 ταγέλαστας
404 457 517 502 οὕτω
557 462 848 515 διανοώμεθα
889 466 983 518 περὶ
1022 463 1169 518 νόμων
1205 466 1296 505 δεῖν
1328 481 1434 517 γρα-

177 603 216 636 P.
245 602 322 637 359.

376 599 395 643 ἦ
421 601 754 645 διαφωνοῦντα]
806 603 906 634 istud
933 599 952 643 ἢ
979 607 1061 633 ante
1091 602 1336 642 διαφωνοῦντα
1366 615 1433 636 om.

85 650 128 679 A.
158 655 192 680 et
218 659 269 690 pr.
302 646 339 679 Ω.
368 659 399 680 a.
427 649 630 681 Desiderari
664 658 783 680 vocem
811 649 913 680 etiam
948 649 981 678 in
1013 649 1090 679 aliis
1123 649 1224 680 codd.
1261 658 1435 689 narratur,

84 702 120 725 ut
154 696 188 726 in
223 705 332 735 marg.

367 693 404 725 Ω.
437 700 471 726 et
503 705 535 726 a.
575 695 701 725 Falsus
734 699 785 726 est
813 694 1054 734 Hermannus,
1087 699 1146 735 qui
1185 691 1204 736 ἦ
1235 697 1372 736 putavit
1398 697 1435 727 in

83 742 206 780 codd..
233 751 321 782 quos
345 741 517 779 diximus,
543 746 625 771 ante
650 737 725 771 κατ’
749 738 861 771 ἐκεῖνα
887 741 1055 772 omissum
1092 750 1168 772 esse
1198 742 1351 783 ideoque
1382 742 1431 774 ibi

85 789 243 818 voculam
279 787 423 818 delevit:

84 833 250 874 Wagner.
277 838 311 863 et
335 831 509 863 Baiterus.

81 936 169 964 μων,
200 925 273 964 μῶν
299 924 368 956 δεῖν

468 787 563 827 quod
599 787 710 827 ipsius
741 787 937 827 exemplum
973 787 1113 817 incaute
1151 789 1288 828 sequuti
1328 789 1433 819 etiam

562 833 653 864 Vera
679 838 867 864 narrarunt
892 832 1042 864 Bekker.
1077 837 1111 864 et
1144 832 1242 865 Bast.

83 888 137 910 ma
171 879 364 910 Cornarius
405 879 547 910 volebat
590 879 711 920 refingi
750 880 816 911 sie:

398 924 538 966 γραφῆς
563 924 744 966 γίγνεσθαι
773 929 842 956 ταῖς
868 924 1007 956 πόλεσιν
1033 924 1070 956 ἐν
1095 923 1225 966 πατρὸς
1250 936 1299 967 σχ.
1329 927 1431 959 male.

1301 832 1427 866 Proxi-

858 876 950 910 οὕτω
993 877 1215 918 διανοώμεθα
1257 882 1332 921 περὶ
1369 878 1432 911 νό-

81 972 186 1003 Astio
211 975 291 1012 post
319 968 435 1009 νόμων
459 970 632 1003 excidisse
659 971 731 1003 πῶς
756 977 789 1003 et
815 969 885 1003 δεῖν
917 973 953 1002 in
980 970 1031 1002 δεῖ
1053 973 1255 1004 mutandum
1280 983 1355 1004 esse
1383 974 1433 1004 vi-

81 1018 239 1051 debatur.
267 1018 329 1050 sed
355 1027 384 1051 v,
412 1017 592 1059 explicatt.

84 1117 103 1161 ἢ
128 1127 209 1152 ante
235 1118 480 1160 διαφωνοῦντα
501 1131 522 1152 a
547 1122 722 1154 veteribus

81 1167 212 1199 criticis
245 1168 280 1198 in
319 1168 444 1199 malam
484 1169 722 1208 suspicionem

80 1214 332 1253 adduceretur,
357 1214 459 1246 sicuti
486 1215 645 1246 codicum
672 1216 721 1247 le-

82 1261 216 1292 ctiones
242 1265 405 1301 arguunt.

132 1306 170 1340 P.
194 1306 274 1340 859.
306 1303 416 1337 οὕτω
442 1304 722 1346 διανοώμεθα

83 1353 175 1392 περὶ
207 1349 373 1393 νόμων]
407 1353 476 1384 Hic
504 1355 616 1385 critici
646 1364 721 1385 rur·

81 1409 141 1430 sus
174 1397 299 1430 fluctus
332 1399 368 1429 iu
405 1400 556 1440 simpulo
592 1401 721 1432 excita·

82 1450 173 1475 runt.
217 1443 306 1477 Nam
336 1450 372 1475 ut
395 1449 529 1477 taceam
556 1456 636 1486 eos,
662 1447 721 1488 qui

83 1501 222 1523 sensum
246 1491 434 1523 verborum
455 1493 720 1533 interpretando

82 1543 326 1578 perverterunt
353 1544 459 1579 atque
490 1539 720 1579 intelligendo

81 1584 252 1623 fecerunt,
278 1584 365 1615 nihil
392 1590 430 1615 ut
454 1585 720 1626 intelligeretur,

82 1630 272 1661 extiterunt
305 1631 409 1662 etiam
440 1632 498 1671 qui
533 1632 641 1663 verba
665 1632 718 1662 in-

81 1677 272 1717 tegerrima
285 1677 455 1708 mutando
475 1677 721 1718 depravarent.

81 1722 136 1754 ita
172 1722 411 1754 Cornarius
447 1723 517 1764 legi
563 1724 721 1756 iubebat:

84 1764 176 1799 οὕτω
220 1766 441 1808 διανοώμεθα
487 1773 560 1810 περὶ
605 1768 722 1809 νόμων

81 1814 168 1852 μῶν
191 1813 262 1846 δεῖν
281 1816 420 1857 γραφῆς
444 1816 626 1858 γίγνεσθαι
654 1819 723 1847 ταῖς

83 1859 222 1892 πόλεσιν
249 1860 286 1893 ἐν
311 1860 441 1901 πατρὸς
467 1873 496 1894 κ.
514 1874 539 1894 τ.
556 1863 582 1896 i..
605 1864 722 1895 Asti-

82 1918 128 1939 us
147 1913 262 1939 autem
287 1909 506 1949 requirebat:
533 1906 626 1940 οὕτω
651 1907 720 1940 δια-

82 1951 248 1992 νοώμεθα
284 1956 358 1995 περὶ
385 1953 517 1993 νόμων,

83 2001 220 2041 γραφῆς
252 2000 434 2042 γίγνεσθαι
465 2005 538 2032 ταῖς
573 2000 721 2038 πόλεσιν,

81 2053 119 2077 ut
151 2047 329 2087 genitivus
372 2048 512 2089 γραφῆς
551 2049 722 2089 penderet

80 2103 122 2124 ex
141 2093 215 2124 πῶς
238 2094 422 2134 particula.
466 2092 623 2131 Quorum
649 2104 721 2126 om-

81 2140 176 2170 nium
199 2140 286 2171 nihil
312 2139 456 2180 probari
481 2145 608 2181 potest.
648 2139 720 2172 imo

82 2186 207 2227 verba,
238 2187 369 2227 pusillo
405 2196 524 2218 errore
560 2192 720 2228 excepto,

81 2232 185 2273 longe
209 2237 291 2263 sunt
308 2233 545 2273 integerrima.
572 2233 721 2265 Deside-

82 2288 197 2309 ramus
229 2279 321 2310 enim
354 2279 390 2310 in
422 2279 466 2310 iis
499 2279 568 2312 hoc
601 2290 721 2322 unum,

83 2325 177 2365 quod
206 2330 288 2356 ante
319 2322 541 2364 διανοώμεθα
572 2336 644 2358 ιιοιι
671 2331 724 2357 est

83 2367 122 2410 δὴ
149 2371 405 2411 interpositum.
460 2372 538 2403 Hoc
563 2373 652 2404 enim
677 2372 722 2404 ad

82 2426 208 2447 nexum
241 2419 435 2450 sententiae
467 2428 552 2450 sane
583 2419 723 2450 videtur

82 2473 158 2494 esse
182 2464 427 2496 necessarium.
482 2464 633 2506 Reliqua
659 2476 719 2497 au-

81 2514 147 2540 tem
191 2510 309 2541 omnia
347 2510 550 2542 facillimam
589 2511 721 2543 habent

81 2555 362 2597 explicationem.
395 2556 484 2588 Nam
506 2558 625 2598 priora
643 2558 719 2599 qui-

83 2602 159 2633 dem
185 2601 277 2633 hunc
310 2603 344 2632 iu
373 2604 512 2634 modum
542 2604 720 2645 iungenda

82 2652 179 2679 sunt:
213 2645 434 2687 διανοομεθα
460 2646 550 2680 οὕτω
576 2649 646 2681 δεῖν
672 2651 719 2692 γί·

82 2693 227 2734 γιεσθαι
252 2698 323 2726 ταῖς
339 2692 454 2726 πόλεσι
482 2696 555 2735 περὶ
582 2705 720 2738 γραφης

41 2762 44 2763 ⁷
82 2737 212 2779 νόμων.
230 2743 440 2782 quocirca
467 2742 719 2781 cogitemus,

554 1956 638 1986 πῶς
663 1955 727 1986 δεῖ

791 1122 840 1153 de
864 1122 1003 1160 legum
1030 1122 1276 1162 scriptione
1309 1124 1349 1153 in
1379 1123 1430 1153 ei-

792 1169 981 1200 vitatum
1008 1168 1253 1199 utilitatem
1286 1169 1348 1199 ita
1384 1168 1431 1199 fi-

790 1215 853 1246 eri
881 1219 1090 1254 oportere
1115 1219 1191 1245 etr.
1247 1213 1321 1245 Iam
1347 1224 1431 1245 vero

789 1261 884 1292 istis:
919 1256 1011 1291 οὕτω
1043 1258 1114 1290 δεῖν
1141 1260 1342 1302 γίγνεσθαι,
1373 1261 1433 1292 de-

790 1308 870 1338 inde
885 1316 946 1348 per
967 1308 1174 1347 epexegesin
1193 1307 1336 1338 additur
1355 1308 1433 1346 φαί-

790 1353 915 1385 νεσθαι
942 1350 979 1384 τὰ
1005 1352 1216 1394 γεγραμμένα
1241 1351 1278 1384 ἐν
1304 1351 1433 1393 πατρός

788 1418 831 1423 -
858 1397 1016 1440 ἐχόντων.
1071 1397 1177 1437 Quod
1208 1409 1320 1441 genus
1353 1409 1431 1431 con—

788 1446 994 1478 structionis
1035 1455 1079 1477 ne
1114 1456 1217 1487 quem
1248 1446 1340 1477 male
1370 1446 1431 1477 ha·

789 1492 888 1531 beat,
929 1503 962 1523 v.
995 1501 1076 1523 ann.
1107 1492 1151 1523 ad
1189 1492 1370 1525 Phaedon.
1395 1502 1429 1533 p.

789 1537 844 1572 64.
878 1537 918 1571 C.
953 1537 1073 1578 ltaque
1103 1539 1431 1579 interpretationem

789 1584 977 1616 verborum
1011 1584 1149 1615 iuvabit
1181 1585 1230 1616 ita
1263 1584 1430 1625 profliga-

791 1632 899 1662 visse:
926 1635 973 1660 ut
999 1631 1164 1671 scripta
1191 1631 1430 1662 videantur

791 1687 887 1708 esse
912 1686 1081 1715 eorum,
1116 1677 1188 1717 qui
1214 1678 1354 1717 patris
1380 1687 1428 1708 ac

790 1724 946 1754 matris
996 1723 1140 1754 instar
1185 1729 1329 1754 ament
1381 1733 1428 1755 ae

789 1770 1036 1811 prudentes
1063 1770 1162 1800 sint.
1188 1768 1280 1800 Nam
1306 1768 1343 1800 εἰ·
1369 1780 1430 1800 πα-

791 1813 872 1856 τρὸς
910 1815 964 1846 καὶ
998 1813 1127 1856 μητρὸς
1162 1812 1299 1855 σχήματι
1347 1816 1431 1857 qnid

790 1862 982 1903 significet,
1016 1862 1147 1893 dudum
1178 1862 1298 1893 docuit
1324 1863 1429 1893 Heu-

792 1909 914 1940 sdius
941 1906 1090 1948 Specim.
1120 1907 1326 1949 Crit.p.44.
1363 1909 1429 1939 Ea-

791 1955 869 1986 dem
900 1954 1061 1995 loquutio
1095 1959 1147 1985 est
1177 1954 1271 1986 infra
1299 1954 1363 1986 ΧΙ.
1395 1965 1428 1995 p.

789 1999 868 2034 918
902 2000 945 2031 E.
976 2000 1117 2031 Menex.
1146 2010 1180 2040 p.
1207 2000 1285 2033 249.
1320 2002 1364 2031 A.
1395 1998 1432 2030 ἐν

788 2043 920 2087 πατρὸς
945 2043 1084 2087 σχίματι
1108 2047 1310 2077 καταστᾶσα,
1369 2044 1429 2077 Se-

789 2099 944 2134 quuntur
961 2093 1084 2124 verba:
1110 2089 1131 2132 ’ἲ
1157 2091 1239 2124 κατὰ
1256 2089 1364 2131 τύραι·
1368 2104 1386 2122 ι
1390 2103 1430 2123 ον

789 2150 817 2170 κ.
847 2151 872 2171 τ,
901 2139 927 2170 λ.
978 2138 1076 2176 Quae
1105 2149 1169 2179 per
1194 2136 1214 2180 ἢ
1238 2144 1429 2171 annectun-

788 2191 844 2216 tur
877 2185 1136 2226 superioribus,
1169 2187 1269 2227 quasi
1303 2186 1429 2224 μᾶλλον

789 2233 1031 2274 praecesserit,
1048 2231 1117 2263 hoe
1136 2242 1256 2264 sensu:
1282 2232 1427 2272 potius

791 2289 913 2319 quam
938 2283 981 2308 ut
1008 2278 1106 2319 quis
1137 2289 1254 2310 more
1285 2284 1428 2318 tyran-

790 2325 904 2357 niae
931 2325 1106 2363 domini,
1133 2325 1204 2356 ubi
1228 2335 1316 2355 cum
1346 2325 1426 2355 ius-

791 2372 853 2403 sis
879 2371 1101 2412 minisque
1127 2372 1270 2402 omnia
1294 2371 1335 2401 in
1361 2380 1427 2411 pa-

791 2427 806 2448 r
826 2418 835 2448 i
853 2417 960 2449 etib
980 2427 1001 2447 u
1018 2427 1034 2448 s
1087 2418 1427 2457 perscripserit,

789 2469 1006 2504 protenus
1043 2463 1264 2502 disce‹lat‚
1298 2472 1425 2503 nego-

789 2512 851 2542 tio
881 2509 1058 2541 scilicet
1091 2520 1136 2540 ae
1163 2519 1341 2541 munere
1374 2509 1426 2540 le-

788 2566 882 2597 gum
931 2555 1262 2592 scribendarum
1319 2555 1428 2586 rite

788 2602 1062 2644 perfunctus
1119 2603 1237 2643 Atque
1271 2601 1327 2633 hic
1354 2601 1428 2641 qui-

787 2650 864 2680 dem
903 2649 972 2680 duo
1008 2649 1180 2688 imprimis
1215 2653 1297 2680 sunt
1339 2657 1428 2688 quae

787 2696 1061 2726 admonitionem
1079 2695 1231 2735 aliquam
1256 2693 1425 2735 flagitant»

789 2741 948 2773 Alterum
975 2741 1087 2772 levius
1113 2746 1176 2779 est,
1208 2741 1427 2782 pertinetque

1080 2787 1102 2824 :3
1137 2787 1158 2808 2
