1781 2971
312 144 392 184 324
806 140 1190 182 PLATONIS

243 257 278 298 C
309 260 483 316 μοθειῃ
521 261 672 299 ι’)ἐῖναι
700 255 836 312 νόμον
863 259 1061 315 ἀσφαλὲς
1084 258 1303 307 τοιούτοις
1340 257 1511 301 τοιόνδε
1537 258 1660 302 τινά”

227 859 268 899 1,)

317 323 498 377 Πτωχὸς
528 325 677 377 μηδεὶς
714 322 817 378 ἡμῖν
853 329 897 366 ἐν
933 327 979 383 τῇ
1021 323 1143 366 πόλει
1180 327 1412 378 γιγνέσθω.
1455 328 1660 368 τοιοῦτον

311 390 349 432 ὸ’
391 388 448 432 ἄν
485 407 548 439 τις
582 392 769 450 ἐπιχειρῇ
807 392 942 445 δρᾶν,
976 390 1122 446 εὐχαῖς
1156 393 1256 446 βίον
1291 390 1530 443 ἀνηνύτοις
1564 392 1661 443 ξυλ-

309 456 566 511 λεγόμενος,
593 491 595 493 .
623 462 667 500 ὲκ
712 461 791 511 μὲν
835 457 1006 513 ἀγορᾶς
1051 457 1332 512 ἀγορανόμοι
1383 457 1665 512 ἐξειργόντων.

310 523 468 574 αὐτόν,
515 529 559 566 ὲκ
595 526 639 566 δὲ
688 526 766 566 τοῦ
816 523 970 573 ἄστεος
1017 523 1043 575 ἡ
1087 526 1174 566 τῶν
1221 523 1486 579 ἀστυνόμων
1531 524 1661 580 ἀρχή,

309 589 562 645 ἀγρονόμοι
599 593 642 633 δὲ
673 595 716 633 ὲκ
747 592 825 642 τῆς
858 589 995 643 ἄλλης
1028 589 1175 646 χώρας
1210 595 1270 641 εἰς
1307 589 1388 643 τὴν
1423 589 1662 648 ὑπερορίαν

309 655 641 709 ἐκπεμπόντων,
686 655 804 707 ὅπως
839 656 864 709 ἡ
899 657 1020 712 χώρα
1058 659 1138 700 τοῦ
1185 656 1392 700 τοιούτου
1437 658 1549 710 ζώου
1585 675 1661 701 κα-

309 722 436 777 θαρὰ
475 727 678 776 γίγνηται
713 723 762 766 τὸ
802 725 1030 779 παράπαν.

410 792 577 840 Δοῦλος
614 790 650 832 δ’
693 789 748 832 ἀν
782 788 802 842 ἡ
831 791 966 842 δούλη
1001 791 1156 850 βλάψῃ
1193 791 1278 833 τῶν
1315 790 1561 845 ἀλλοτρίων
1588 793 1661 834 καὶ

311 855 476 905 ὁτιοῦν,
511 856 571 911 μὴ
608 857 832 908 ξυναιτιόυ
860 860 935 900 τοῦ
972 860 1211 912 βλαβέντος
1233 857 1374 900 αὐτοῦ
1411 864 1661 912 γενομένου,

310 924 404 966 κατ’
448 924 655 978 ἀπειρίαν
696 923 718 975 ἦ
757 923 837 966 τιν’
883 929 1035 979 ἑτέραν
1067 928 1220 980 χρείαν
1259 921 1317 977 μὴ
1364 923 1599 980 σώφρονα,
1635 923 1658 967 ὁ

310 993 388 1032 τοῦ
425 990 691 1047 βλάψαντος
738 991 950 1042 δεσπότης
989 989 1011 1042 ἢ
1047 991 1127 1041 τὴν
1162 990 1336 1044 βλάβην
1372 989 1563 1041 ἐξιάσθω
1599 989 1660 1044 μὴ

310 1059 464 1106 ἐνδεῶς
489 1056 513 1108 ἢ
541 1058 619 1099 τὸν
652 1057 879 1114 βλάψαντ’
908 1056 1048 1100 αὐτὸν
1073 1056 1327 1110 παραδότω·
1366 1056 1444 1098 ἐὰν
1467 1056 1504 1099 δ’
1538 1062 1661 1099 ἐπαι-

313 1124 519 1177 τιώμενος
559 1122 582 1166 ὁ
621 1124 834 1176 δεσπότης
869 1126 993 1184 κοινῇ
1021 1126 1098 1166 τοῦ
1132 1123 1399 1183 βλάψαντος
1439 1126 1660 1184 τέχνῃκαὶ

312 1193 389 1232 τοῦ
436 1192 677 1244 βλαβεντος
714 1191 778 1232 ἐπ’
823 1190 1112 1246 ἀποστερήσει
1161 1192 1223 1250 φῇ
1262 1192 1340 1232 τοῦ
1392 1190 1556 1234 δούλου
1593 1207 1662 1244 γε·

309 1261 485 1311 γονέναι
535 1256 616 1310 τὴν
661 1262 831 1309 αἰτίαν,
880 1259 1202 1310 διαδικαζέσθω
1247 1258 1326 1313 μὲν
1370 1260 1661 1313 κακοτεχνιῶν

401 1411 440 1443 C.
490 1411 535 1443 ἐκ
567 1411 610 1443 δὲ
641 1413 714 1444 τοῦ
745 1411 917 1453 ἄστεος]
946 1411 1006 1444 Sic
1031 1413 1076 1444 A.
1102 1409 1238 1457 52.·x.„f.
1257 1421 1284 1442 r.
1310 1421 1374 1452 pro
1399 1412 1495 1452 vulg.
1522 1409 1661 1443 ἄστεως.

1017 1525 1214 1556 damnum
1253 1523 1424 1555 sarcito
1460 1528 1497 1555 et
1531 1524 1659 1555 domi-

1018 1580 1112 1602 num
1139 1569 1316 1599 tradito.
1366 1568 1550 1602 Pertinent
1575 1570 1661 1602 haec

355 1522 394 1554 C.
446 1524 648 1556 τοιοῦτον
674 1521 702 1556 δ’
727 1522 776 1556 ἄν
802 1533 864 1556 τις
887 1523 946 1556 ἐπ.

309 1568 431 1609 δρᾶνῑ
452 1570 519 1601 Int.
546 1569 744 1611 πτωχεύειν,
772 1571 866 1612 quod
886 1581 949 1612 per

309 1616 450 1656 synesin
493 1626 534 1647 cx
574 1614 707 1657 πτωχός
747 1617 947 1657 petendum.

308 1661 399 1692 Dein
426 1660 507 1701 βίος
531 1667 583 1693 est
611 1664 782 1702 victus,
809 1667 847 1693 ut
871 1673 947 1694 sex-

310 1707 458 1746 centies,
486 1708 594 1739 veluti
619 1708 719 1740 VIIl.
746 1718 779 1748 p.
806 1707 886 1743 842.
909 1708 948 1739 C.

310 1751 447 1786 Politic.
474 1763 508 1794 p.
529 1753 607 1787 271.
635 1754 676 1785 E.
704 1754 852 1794 Eurip.
880 1755 948 1785 He-

310 1798 386 1829 cub.
422 1809 452 1828 v.
487 1799 542 1832 1¹2.
573 1800 618 1831 al.
659 1799 843 1832 Sententia
883 1805 950 1832 est:

308 1844 517 1884 precibus
544 1846 706 1877 victum
734 1846 950 1886 colligens

308 1890 504 1922 infinitis
548 1901 593 1922 ac
630 1893 870 1932 perpetuis.
909 1911 949 1914 —

310 1937 386 1966 τοῦ
435 1934 641 1968 τοιούτου
691 1935 818 1978 ζιόου,
869 1948 950 1969 νοη

308 1983 446 2013 einen]
474 1983 656 2014 solchen
684 1982 918 2025 Geschopf.

353 2072 397 2103 D.
448 2070 517 2104 ἐὰν
561 2070 596 2104 δ’
634 2073 948 2114 ἐπαιτιώμενος

308 2114 326 2148 ὁ
359 2116 571 2160 δεσπότης
603 2119 666 2162 --]
704 2121 775 2152 sin
807 2126 946 2152 autem

307 2163 526 2205 dominus,
562 2167 855 2198 accusatione.
889 2166 946 2197 fa-

307 2214 390 2250 cta,
433 2211 691 2252 contendat,
737 2222 946 2243 commu-

307 2256 352 2286 ni
396 2256 621 2289 laedentis
664 2262 796 2299 atque
833 2257 946 2290 laesi

311 2300 643 2344 fraude(ze'2v37)
660 2308 859 2335 exortam
886 2314 943 2336 es-

309 2357 354 2378 se
388 2347 529 2388 litem,
570 2359 615 2380 eo
648 2349 865 2389 consilio,
901 2354 949 2381 ut

309 2403 437 2425 servo
481 2395 763 2435 privaretur,
810 2396 948 2427 malae

307 2441 421 2471 artis
448 2441 664 2473 actionem
693 2443 728 2472 οἱ
756 2441 946 2473 intendi-

307 2488 366 2524 to,
397 2487 468 2526 qni
495 2497 537 2518 se
564 2487 728 2519 laesum
758 2482 856 2519 es‘se
889 2487 966 2519 di-v

307 2535 393 2569 cat,
420 2542 467 2563 ac
494 2533 527 2563 si
554 2544 643 2564 eum
671 2535 850 2573 vicerit,
877 2533 945 2564 du-

306 2577 420 2616 plum
455 2579 571 2609 servi
618 2581 800 2620 pretium
838 2579 945 2611 acci-

304 2622 414 2662 pito,
456 2625 573 2663 qnod
608 2625 815 2657 indicium
847 2635 944 2656 con-

303 2667 528 2706 stituerit3
571 2671 639 2702 sin
677 2673 824 2703 victus
858 2670 943 2702 fue-

303 2714 361 2746 rit
397 2715 577 2753 (caussam
619 2717 853 2757 perdiderit),
905 2722 943 2749 et

1017 1616 1060 1648 ad
1087 1615 1260 1647 actionem
1287 1616 1528 1656 κακοτεχνιῶν,
1561 1617 1660 1647 cuius

1018 1671 1105 1703 quae
1120 1661 1209 1692 ratio
1234 1660 1341 1691 fuerit
1353 1661 1517 1701 Athenis,
1543 1668 1659 1694 osten·

1019 1708 1105 1738 dunt
1139 1706 1288 1737 Meicr.
1325 1712 1365 1737 et
1397 1705 1660 1740 Scliomann.

1018 1752 1188 1784 Processa
1205 1752 1280 1785 Att.
1312 1761 1344 1792 p.
1373 1752 1440 1786 758
1472 1764 1547 1794 ,sqq
1581 1754 1660 1785 coll.

1017 1797 1140 1840 p.385.
1163 1798 1403 1831 Hermann.
1431 1800 1660 1842 Antiquitatt.

1018 1843 1080 1876 Gr.
1108 1843 1231 1884 §.145
1258 1848 1292 1875 et
1317 1842 1530 1877 Cuiacius
1556 1844 1659 1878 Obss.

1018 1889 1084 1922 IX.
1111 1890 1164 1924 13.
1191 1889 1239 1929 X,
1270 1888 1324 1923 26.
1361 1889 1550 1923 Turneb.
1585 1892 1658 1924 Ad-

1018 1946 1149 1968 versat.
1178 1936 1223 1966 X.
1250 1935 1282 1969 6.
1309 1935 1486 1970 Herald.
1526 1937 1581 1969 De
1606 1948 1660 1969 re·

1017 1992 1092 2014 rum
1118 1981 1260 2013 iudicat.
1288 1986 1377 2013 auct.
1405 1982 1434 2014 Ι.
1461 1982 1494 2017 3.
1522 1984 1553 2024 §.
1578 1983 1659 2015 VII.

1017 2039 1091 2070 sqq.
1114 2027 1230 2060 Schol.
1255 2028 1348 2059 adh.
1367 2028 1407 2060 l.:
1434 2029 1659 2069 κακοτεχνιῶν

1017 2072 1113 2115 δίκης
1145 2071 1255 2112 ὄνομά
1291 2072 1397 2111 ἐστιν,
1431 2072 1472 2116 ἢν
1503 2073 1660 2115 εἰςῃέσαν

1018 2120 1054 2152 οἰ
1075 2120 1231 2161 λέγοντες
1255 2117 1430 2161 μάρτυρας
1461 2119 1657 2163 ψευδομαρ-

1017 2169 1145 2206 τυρεῖν,
1183 2163 1263 2196 κατὰ
1300 2166 1365 2196 τῶν
1393 2166 1659 2207 παρασχομένων

1017 2209 1098 2243 τοὺς
1119 2209 1415 2251 ψευδομάριυρας.
1442 2213 1574 2245 Eadem
1596 2213 1658 2246 ha-

1007 2258 1074 2290 -bet
1110 2256 1301 2289 Grammat.
1340 2256 1492 2290 Bekker.
1532 2258 1607 2291 Vol.
1635 2259 1658 2291 Ι.

1015 2314 1046 2345 p.
1079 2302 1167 2343 268,
1203 2301 1258 2336 24.
1315 2302 1369 2334 De
1408 2315 1438 2335 v.
1470 2302 1657 2346 διαδικάζε·

1018 2348 1103 2380 σθαι
1131 2360 1162 2380 v.
1189 2348 1366 2389 Taylor.
1394 2350 1439 2381 ad
1465 2351 1608 2392 Lysiam
1621 2362 1654 2394 p.

1015 2394 1093 2430 312.
1133 2395 1280 2426 Meicr.
1324 2399 1357 2427 et
1396 2394 1654 2430 Schomann.

1016 2441 1176 2473 process.
1212 2442 1288 2472 Att.
1315 2451 1347 2482 p.
1375 2440 1453 2476 367.
1481 2453 1555 2484 sqq.
1596 2444 1656 2476 Vi-

1015 2488 1143 2519 delicet
1161 2484 1350 2518 διαδικασία
1369 2494 1456 2528 erat,
1474 2499 1578 2530 quum
1596 2494 1656 2521 aut

1015 2533 1056 2564 de
1084 2544 1120 2565 rc
1145 2533 1418 2574 disceptaretur,
1451 2544 1554 2576 quam
1579 2535 1655 2576 plu-

1015 2589 1068 2610 res
1104 2579 1168 2611 sibi
1200 2579 1394 2612 adiudicari
1425 2581 1655 2622 postularent,

1013 2631 1073 2657 aut
1098 2626 1139 2657 de
1165 2625 1319 2658 muneris
1339 2626 1487 2658 alicuius
1503 2626 1655 2660 obeundi

1013 2671 1131 2703 officio
1159 2672 1249 2704 inter
1267 2671 1383 2712 plures
1407 2673 1654 2713 ambigeretur.

1058 2717 1098 2750 E.
1141 2718 1209 2749 καὶ
1235 2715 1306 2750 ε’ἁν
1333 2714 1652 2761 ιῖποζιῖγιον-]
