<?xml version="1.0" encoding="UTF-8"?>
<!DOCTYPE html PUBLIC "-//W3C//DTD XHTML 1.0 Transitional//EN"
    "http://www.w3.org/TR/xhtml1/DTD/xhtml1-transitional.dtd">
<html xmlns="http://www.w3.org/1999/xhtml" xml:lang="en" lang="en">
 <head>
  <title>
</title>
<meta http-equiv="Content-Type" content="text/html;charset=utf-8" />
  <meta name='ocr-system' content='tesseract 3.04.00' />
  <meta name='ocr-capabilities' content='ocr_page ocr_carea ocr_par ocr_line ocrx_word'/>
</head>
<body>
  <div class='ocr_page' id='page_1' title='image "./n3operaomniarecens10platuoft/n3operaomniarecens10platuoft_0462.png"; bbox 0 0 1781 2971; ppageno 0'>
   <div class='ocr_carea' id='block_1_1' title="bbox 303 159 1234 204">
    <p class='ocr_par' dir='ltr' id='par_1_1' title="bbox 303 159 1234 204">
     <span class='ocr_line' id='line_1_1' title="bbox 303 159 1234 204; baseline -0.001 -1"><span class='ocrx_word' id='word_1_1' title='bbox 303 163 384 204; x_wconf 72' lang='lat'>458</span> <span class='ocrx_word' id='word_1_2' title='bbox 738 161 818 201; x_wconf 73' lang='lat' dir='ltr'>DE</span> <span class='ocrx_word' id='word_1_3' title='bbox 856 159 1234 202; x_wconf 64' lang='lat' dir='ltr'><strong>EPINOMJDIS</strong></span> 
     </span>
    </p>
   </div>
   <div class='ocr_carea' id='block_1_2' title="bbox 302 270 1668 2754">
    <p class='ocr_par' dir='ltr' id='par_1_2' title="bbox 302 270 1668 2754">
     <span class='ocr_line' id='line_1_2' title="bbox 305 270 1650 327; baseline -0.001 -15"><span class='ocrx_word' id='word_1_4' title='bbox 305 271 480 326; x_wconf 88' lang='lat' dir='ltr'>quidem</span> <span class='ocrx_word' id='word_1_5' title='bbox 509 271 614 312; x_wconf 86' lang='lat' dir='ltr'>fecit</span> <span class='ocrx_word' id='word_1_6' title='bbox 645 272 792 325; x_wconf 84' lang='lat' dir='ltr'>aliter,</span> <span class='ocrx_word' id='word_1_7' title='bbox 827 287 1089 327; x_wconf 85' lang='lat' dir='ltr'>quamquam</span> <span class='ocrx_word' id='word_1_8' title='bbox 1118 273 1164 313; x_wconf 88' lang='lat' dir='ltr'>in</span> <span class='ocrx_word' id='word_1_9' title='bbox 1195 272 1278 313; x_wconf 89' lang='lat' dir='ltr'>hoc</span> <span class='ocrx_word' id='word_1_10' title='bbox 1307 286 1438 326; x_wconf 87' lang='lat' dir='ltr'>opere</span> <span class='ocrx_word' id='word_1_11' title='bbox 1471 270 1650 327; x_wconf 85' lang='lat' dir='ltr'>popula—</span> 
     </span>
     <span class='ocr_line' id='line_1_3' title="bbox 303 327 1653 382; baseline -0.001 -14"><span class='ocrx_word' id='word_1_12' title='bbox 303 336 391 370; x_wconf 76' lang='lat' dir='ltr'>rem</span> <span class='ocrx_word' id='word_1_13' title='bbox 422 329 632 369; x_wconf 84' lang='lat' dir='ltr'>rationem</span> <span class='ocrx_word' id='word_1_14' title='bbox 652 336 865 382; x_wconf 86' lang='lat' dir='ltr'>sequutus</span> <span class='ocrx_word' id='word_1_15' title='bbox 899 336 979 370; x_wconf 89' lang='lat' dir='ltr'>est.</span> <span class='ocrx_word' id='word_1_16' title='bbox 1043 328 1173 370; x_wconf 84' lang='lat' dir='ltr'>Certe</span> <span class='ocrx_word' id='word_1_17' title='bbox 1200 327 1376 382; x_wconf 89' lang='lat' dir='ltr'>quidem</span> <span class='ocrx_word' id='word_1_18' title='bbox 1397 327 1653 370; x_wconf 81' lang='lat' dir='ltr'>custodibus</span> 
     </span>
     <span class='ocr_line' id='line_1_4' title="bbox 302 384 1653 440; baseline -0.001 -15"><span class='ocrx_word' id='word_1_19' title='bbox 302 385 388 426; x_wconf 90' lang='lat' dir='ltr'>illis</span> <span class='ocrx_word' id='word_1_20' title='bbox 419 385 640 438; x_wconf 87' lang='lat' dir='ltr'>civitatis,</span> <span class='ocrx_word' id='word_1_21' title='bbox 674 400 784 439; x_wconf 90' lang='lat' dir='ltr'>quos</span> <span class='ocrx_word' id='word_1_22' title='bbox 815 386 1085 430; x_wconf 75' lang='lat' dir='ltr'>informavit.</span> <span class='ocrx_word' id='word_1_23' title='bbox 1119 385 1246 427; x_wconf 90' lang='lat' dir='ltr'>sicuti</span> <span class='ocrx_word' id='word_1_24' title='bbox 1280 385 1426 440; x_wconf 87' lang='lat' dir='ltr'>paullo</span> <span class='ocrx_word' id='word_1_25' title='bbox 1458 391 1560 425; x_wconf 88' lang='lat' dir='ltr'>ante</span> <span class='ocrx_word' id='word_1_26' title='bbox 1590 384 1653 423; x_wconf 88' lang='lat' dir='ltr'>vi-</span> 
     </span>
     <span class='ocr_line' id='line_1_5' title="bbox 305 440 1654 496; baseline -0.001 -15"><span class='ocrx_word' id='word_1_27' title='bbox 305 441 470 494; x_wconf 88' lang='lat' dir='ltr'>dimus,</span> <span class='ocrx_word' id='word_1_28' title='bbox 522 442 774 496; x_wconf 82' lang='lat' dir='ltr'>neutiquam</span> <span class='ocrx_word' id='word_1_29' title='bbox 820 442 958 483; x_wconf 88' lang='lat' dir='ltr'>voluit</span> <span class='ocrx_word' id='word_1_30' title='bbox 996 457 1163 483; x_wconf 88' lang='lat' dir='ltr'>omnem</span> <span class='ocrx_word' id='word_1_31' title='bbox 1206 442 1359 483; x_wconf 83' lang='lat' dir='ltr'>deesse</span> <span class='ocrx_word' id='word_1_32' title='bbox 1399 440 1654 482; x_wconf 69' lang='lat' dir='ltr'>dialecticae</span> 
     </span>
     <span class='ocr_line' id='line_1_6' title="bbox 306 498 1656 553; baseline -0.002 -15"><span class='ocrx_word' id='word_1_33' title='bbox 306 498 579 550; x_wconf 77' lang='lat' dir='ltr'>facultatem,</span> <span class='ocrx_word' id='word_1_34' title='bbox 630 498 791 553; x_wconf 86' lang='lat' dir='ltr'>quippe</span> <span class='ocrx_word' id='word_1_35' title='bbox 835 513 944 552; x_wconf 90' lang='lat' dir='ltr'>quos</span> <span class='ocrx_word' id='word_1_36' title='bbox 985 499 1205 539; x_wconf 83' lang='lat' dir='ltr'>censuerit</span> <span class='ocrx_word' id='word_1_37' title='bbox 1245 499 1454 539; x_wconf 76' lang='lat' dir='ltr'>viitutum</span> <span class='ocrx_word' id='word_1_38' title='bbox 1495 511 1656 553; x_wconf 85' lang='lat' dir='ltr'>genera</span> 
     </span>
     <span class='ocr_line' id='line_1_7' title="bbox 304 555 1656 610; baseline -0.001 -15"><span class='ocrx_word' id='word_1_39' title='bbox 304 561 435 608; x_wconf 85' lang='lat' dir='ltr'>atque</span> <span class='ocrx_word' id='word_1_40' title='bbox 480 555 639 596; x_wconf 89' lang='lat' dir='ltr'>formas</span> <span class='ocrx_word' id='word_1_41' title='bbox 690 556 936 596; x_wconf 80' lang='lat' dir='ltr'>accuratius</span> <span class='ocrx_word' id='word_1_42' title='bbox 985 556 1183 610; x_wconf 86' lang='lat' dir='ltr'>cognitas</span> <span class='ocrx_word' id='word_1_43' title='bbox 1232 555 1393 596; x_wconf 86' lang='lat' dir='ltr'>habere</span> <span class='ocrx_word' id='word_1_44' title='bbox 1440 559 1656 609; x_wconf 81' lang='lat' dir='ltr'>oportere.</span> 
     </span>
     <span class='ocr_line' id='line_1_8' title="bbox 308 609 1655 666; baseline -0.002 -14"><span class='ocrx_word' id='word_1_45' title='bbox 308 612 442 653; x_wconf 82' lang='lat' dir='ltr'>Porro</span> <span class='ocrx_word' id='word_1_46' title='bbox 475 610 602 651; x_wconf 86' lang='lat' dir='ltr'>homo</span> <span class='ocrx_word' id='word_1_47' title='bbox 635 618 781 652; x_wconf 85' lang='lat' dir='ltr'>noster</span> <span class='ocrx_word' id='word_1_48' title='bbox 812 612 1003 665; x_wconf 88' lang='lat' dir='ltr'>quinque</span> <span class='ocrx_word' id='word_1_49' title='bbox 1034 612 1189 652; x_wconf 82' lang='lat' dir='ltr'>statuit</span> <span class='ocrx_word' id='word_1_50' title='bbox 1220 626 1449 666; x_wconf 85' lang='lat' dir='ltr'>corporum</span> <span class='ocrx_word' id='word_1_51' title='bbox 1494 609 1655 652; x_wconf 91' lang='lat' dir='ltr'>solido-</span> 
     </span>
     <span class='ocr_line' id='line_1_9' title="bbox 305 667 1655 722; baseline -0.002 -14"><span class='ocrx_word' id='word_1_52' title='bbox 305 683 398 708; x_wconf 85' lang='lat' dir='ltr'>rum</span> <span class='ocrx_word' id='word_1_53' title='bbox 422 667 633 708; x_wconf 86' lang='lat' dir='ltr'>elementa</span> <span class='ocrx_word' id='word_1_54' title='bbox 654 668 716 722; x_wconf 84' lang='lat' dir='ltr'>(p</span> <span class='ocrx_word' id='word_1_55' title='bbox 741 670 835 710; x_wconf 75' lang='lat'>981.</span> <span class='ocrx_word' id='word_1_56' title='bbox 873 668 920 708; x_wconf 80' lang='lat' dir='ltr'>B.</span> <span class='ocrx_word' id='word_1_57' title='bbox 942 669 1071 722; x_wconf 85' lang='lat' dir='ltr'>sqq).</span> <span class='ocrx_word' id='word_1_58' title='bbox 1135 668 1183 709; x_wconf 90' lang='lat' dir='ltr'>In</span> <span class='ocrx_word' id='word_1_59' title='bbox 1218 683 1304 721; x_wconf 88' lang='lat' dir='ltr'>quo</span> <span class='ocrx_word' id='word_1_60' title='bbox 1328 681 1476 708; x_wconf 85' lang='lat' dir='ltr'>rursus</span> <span class='ocrx_word' id='word_1_61' title='bbox 1502 667 1655 707; x_wconf 88' lang='lat' dir='ltr'>mirum</span> 
     </span>
     <span class='ocr_line' id='line_1_10' title="bbox 305 722 1656 779; baseline -0.002 -14"><span class='ocrx_word' id='word_1_62' title='bbox 305 731 513 779; x_wconf 87' lang='lat' dir='ltr'>quantum</span> <span class='ocrx_word' id='word_1_63' title='bbox 545 739 569 764; x_wconf 86' lang='lat' dir='ltr'>a</span> <span class='ocrx_word' id='word_1_64' title='bbox 603 724 787 765; x_wconf 79' lang='lat' dir='ltr'>Platone</span> <span class='ocrx_word' id='word_1_65' title='bbox 819 724 1046 777; x_wconf 72' lang='lat' dir='ltr'>discessit,</span> <span class='ocrx_word' id='word_1_66' title='bbox 1080 739 1209 778; x_wconf 89' lang='lat' dir='ltr'>quem</span> <span class='ocrx_word' id='word_1_67' title='bbox 1241 730 1442 777; x_wconf 79' lang='lat' dir='ltr'>constat,</span> <span class='ocrx_word' id='word_1_68' title='bbox 1486 722 1656 764; x_wconf 85' lang='lat' dir='ltr'>etiamsi</span> 
     </span>
     <span class='ocr_line' id='line_1_11' title="bbox 305 780 1657 836; baseline -0.002 -14"><span class='ocrx_word' id='word_1_69' title='bbox 305 780 522 822; x_wconf 85' lang='lat' dir='ltr'>aetherem</span> <span class='ocrx_word' id='word_1_70' title='bbox 565 787 608 822; x_wconf 84' lang='lat' dir='ltr'>et</span> <span class='ocrx_word' id='word_1_71' title='bbox 650 781 743 836; x_wconf 88' lang='lat' dir='ltr'>ipse</span> <span class='ocrx_word' id='word_1_72' title='bbox 773 781 960 822; x_wconf 88' lang='lat' dir='ltr'>voluerit</span> <span class='ocrx_word' id='word_1_73' title='bbox 999 780 1187 822; x_wconf 88' lang='lat' dir='ltr'>medium</span> <span class='ocrx_word' id='word_1_74' title='bbox 1231 795 1326 822; x_wconf 87' lang='lat' dir='ltr'>esse</span> <span class='ocrx_word' id='word_1_75' title='bbox 1367 781 1481 821; x_wconf 88' lang='lat' dir='ltr'>inter</span> <span class='ocrx_word' id='word_1_76' title='bbox 1511 780 1657 835; x_wconf 84' lang='lat' dir='ltr'>ignem</span> 
     </span>
     <span class='ocr_line' id='line_1_12' title="bbox 304 836 1656 892; baseline -0.003 -14"><span class='ocrx_word' id='word_1_77' title='bbox 304 844 348 879; x_wconf 82' lang='lat' dir='ltr'>et</span> <span class='ocrx_word' id='word_1_78' title='bbox 377 852 519 878; x_wconf 85' lang='lat' dir='ltr'>aerem</span> <span class='ocrx_word' id='word_1_79' title='bbox 551 843 704 892; x_wconf 84' lang='lat' dir='ltr'>utpote</span> <span class='ocrx_word' id='word_1_80' title='bbox 734 839 867 890; x_wconf 66' lang='grc' dir='ltr'><em>ἀέρος</em></span> <span class='ocrx_word' id='word_1_81' title='bbox 898 838 948 878; x_wconf 76' lang='grc' dir='ltr'>τό</span> <span class='ocrx_word' id='word_1_82' title='bbox 972 837 1279 888; x_wconf 55' lang='grc' dir='ltr'>εὐαγέσταῖον,</span> <span class='ocrx_word' id='word_1_83' title='bbox 1311 837 1442 878; x_wconf 87' lang='lat' dir='ltr'>sicuti</span> <span class='ocrx_word' id='word_1_84' title='bbox 1465 836 1656 878; x_wconf 84' lang='lat' dir='ltr'>estTim.</span> 
     </span>
     <span class='ocr_line' id='line_1_13' title="bbox 305 893 1656 950; baseline -0.001 -16"><span class='ocrx_word' id='word_1_85' title='bbox 305 911 347 950; x_wconf 89' lang='lat' dir='ltr'>p.</span> <span class='ocrx_word' id='word_1_86' title='bbox 382 896 448 937; x_wconf 80' lang='lat'>58.</span> <span class='ocrx_word' id='word_1_87' title='bbox 485 894 562 938; x_wconf 91' lang='lat' dir='ltr'>D.</span> <span class='ocrx_word' id='word_1_88' title='bbox 605 901 749 935; x_wconf 86' lang='lat' dir='ltr'>tamen</span> <span class='ocrx_word' id='word_1_89' title='bbox 780 893 965 935; x_wconf 84' lang='lat' dir='ltr'>eundem</span> <span class='ocrx_word' id='word_1_90' title='bbox 1008 894 1318 935; x_wconf 85' lang='lat' dir='ltr'>elementorum</span> <span class='ocrx_word' id='word_1_91' title='bbox 1350 908 1530 934; x_wconf 87' lang='lat' dir='ltr'>numero</span> <span class='ocrx_word' id='word_1_92' title='bbox 1563 907 1656 933; x_wconf 84' lang='lat' dir='ltr'>exe-</span> 
     </span>
     <span class='ocr_line' id='line_1_14' title="bbox 306 948 1657 1005; baseline -0.002 -14"><span class='ocrx_word' id='word_1_93' title='bbox 306 951 458 1003; x_wconf 86' lang='lat' dir='ltr'>misse,</span> <span class='ocrx_word' id='word_1_94' title='bbox 505 950 558 991; x_wconf 86' lang='lat' dir='ltr'>de</span> <span class='ocrx_word' id='word_1_95' title='bbox 599 965 686 1004; x_wconf 86' lang='lat' dir='ltr'>qua</span> <span class='ocrx_word' id='word_1_96' title='bbox 725 966 768 991; x_wconf 89' lang='lat' dir='ltr'>re</span> <span class='ocrx_word' id='word_1_97' title='bbox 811 967 850 990; x_wconf 90' lang='lat' dir='ltr'>v.</span> <span class='ocrx_word' id='word_1_98' title='bbox 886 951 1023 1005; x_wconf 79' lang='lat' dir='ltr'>Legg.</span> <span class='ocrx_word' id='word_1_99' title='bbox 1065 951 1122 993; x_wconf 78' lang='lat' dir='ltr'>X.</span> <span class='ocrx_word' id='word_1_100' title='bbox 1165 967 1205 1005; x_wconf 88' lang='lat' dir='ltr'>p.</span> <span class='ocrx_word' id='word_1_101' title='bbox 1238 954 1336 991; x_wconf 80' lang='grc'>888.</span> <span class='ocrx_word' id='word_1_102' title='bbox 1381 950 1431 990; x_wconf 90' lang='grc' dir='ltr'>Ε.</span> <span class='ocrx_word' id='word_1_103' title='bbox 1475 950 1571 990; x_wconf 80' lang='grc'><strong>891.</strong></span> <span class='ocrx_word' id='word_1_104' title='bbox 1608 948 1657 988; x_wconf 86' lang='lat' dir='ltr'>ss.</span> 
     </span>
     <span class='ocr_line' id='line_1_15' title="bbox 305 988 1658 1060; baseline -0.001 -13"><span class='ocrx_word' id='word_1_105' title='bbox 305 1007 416 1047; x_wconf 86' lang='lat' dir='ltr'>Tim.</span> <span class='ocrx_word' id='word_1_106' title='bbox 448 1021 490 1060; x_wconf 90' lang='lat' dir='ltr'>p.</span> <span class='ocrx_word' id='word_1_107' title='bbox 525 1008 594 1048; x_wconf 76' lang='lat'>40.</span> <span class='ocrx_word' id='word_1_108' title='bbox 631 1009 683 1047; x_wconf 91' lang='lat' dir='ltr'>A.</span> <span class='ocrx_word' id='word_1_109' title='bbox 714 1009 782 1047; x_wconf 74' lang='lat'>42.</span> <span class='ocrx_word' id='word_1_110' title='bbox 814 1009 880 1046; x_wconf 48' lang='lat'>41&amp;</span> <span class='ocrx_word' id='word_1_111' title='bbox 915 988 978 1047; x_wconf 68' lang='lat' dir='ltr'>AO</span> <span class='ocrx_word' id='word_1_112' title='bbox 998 1009 1065 1048; x_wconf 70' lang='lat'>55.</span> <span class='ocrx_word' id='word_1_113' title='bbox 1103 1007 1157 1047; x_wconf 90' lang='lat' dir='ltr'>D.</span> <span class='ocrx_word' id='word_1_114' title='bbox 1191 1021 1286 1060; x_wconf 86' lang='lat' dir='ltr'>sqq.</span> <span class='ocrx_word' id='word_1_115' title='bbox 1319 1008 1386 1048; x_wconf 91' lang='grc'>81.</span> <span class='ocrx_word' id='word_1_116' title='bbox 1419 1006 1471 1046; x_wconf 92' lang='grc' dir='ltr'>Ε.</span> <span class='ocrx_word' id='word_1_117' title='bbox 1544 1005 1658 1046; x_wconf 83' lang='lat' dir='ltr'>Nam</span> 
     </span>
     <span class='ocr_line' id='line_1_16' title="bbox 305 1062 1658 1119; baseline -0.001 -15"><span class='ocrx_word' id='word_1_118' title='bbox 305 1064 434 1119; x_wconf 82' lang='lat' dir='ltr'>longe</span> <span class='ocrx_word' id='word_1_119' title='bbox 475 1062 590 1103; x_wconf 82' lang='lat' dir='ltr'>aliud</span> <span class='ocrx_word' id='word_1_120' title='bbox 632 1063 734 1117; x_wconf 88' lang='lat' dir='ltr'>quid</span> <span class='ocrx_word' id='word_1_121' title='bbox 775 1069 860 1115; x_wconf 87' lang='lat' dir='ltr'>est,</span> <span class='ocrx_word' id='word_1_122' title='bbox 903 1062 1020 1117; x_wconf 87' lang='lat' dir='ltr'>quod</span> <span class='ocrx_word' id='word_1_123' title='bbox 1054 1063 1343 1118; x_wconf 87' lang='lat' dir='ltr'>philosophus</span> <span class='ocrx_word' id='word_1_124' title='bbox 1376 1063 1496 1104; x_wconf 88' lang='lat' dir='ltr'>Tim.</span> <span class='ocrx_word' id='word_1_125' title='bbox 1519 1079 1559 1117; x_wconf 87' lang='lat' dir='ltr'>p.</span> <span class='ocrx_word' id='word_1_126' title='bbox 1592 1064 1658 1104; x_wconf 76' lang='lat'>33.</span> 
     </span>
     <span class='ocr_line' id='line_1_17' title="bbox 307 1095 1659 1175; baseline -0.002 -14"><span class='ocrx_word' id='word_1_127' title='bbox 307 1119 357 1161; x_wconf 89' lang='lat' dir='ltr'>C.</span> <span class='ocrx_word' id='word_1_128' title='bbox 392 1134 487 1173; x_wconf 87' lang='lat' dir='ltr'>sqq</span> <span class='ocrx_word' id='word_1_129' title='bbox 530 1120 720 1173; x_wconf 87' lang='lat' dir='ltr'>quinque</span> <span class='ocrx_word' id='word_1_130' title='bbox 762 1095 908 1174; x_wconf 82' lang='lat' dir='ltr'>posuit</span> <span class='ocrx_word' id='word_1_131' title='bbox 940 1120 1102 1175; x_wconf 81' lang='lat' dir='ltr'>figuras</span> <span class='ocrx_word' id='word_1_132' title='bbox 1146 1135 1375 1175; x_wconf 76' lang='lat' dir='ltr'>corpoium</span> <span class='ocrx_word' id='word_1_133' title='bbox 1416 1119 1659 1174; x_wconf 82' lang='lat' dir='ltr'>piimarias,</span> 
     </span>
     <span class='ocr_line' id='line_1_18' title="bbox 309 1175 1661 1232; baseline -0.003 -14"><span class='ocrx_word' id='word_1_134' title='bbox 309 1176 572 1232; x_wconf 74' lang='lat' dir='ltr'>triancrulum</span> <span class='ocrx_word' id='word_1_135' title='bbox 592 1176 908 1230; x_wconf 70' lang='lat' dir='ltr'>re‹t1ncrulum</span> <span class='ocrx_word' id='word_1_136' title='bbox 927 1177 1082 1216; x_wconf 87' lang='lat' dir='ltr'>cubum</span> <span class='ocrx_word' id='word_1_137' title='bbox 1090 1176 1405 1232; x_wconf 77' lang='lat' dir='ltr'>pyramidem,</span> <span class='ocrx_word' id='word_1_138' title='bbox 1424 1175 1661 1216; x_wconf 77' lang='lat' dir='ltr'>octaedron</span> 
     </span>
     <span class='ocr_line' id='line_1_19' title="bbox 308 1208 1660 1288; baseline -0.001 -14"><span class='ocrx_word' id='word_1_139' title='bbox 308 1240 351 1274; x_wconf 83' lang='lat' dir='ltr'>et</span> <span class='ocrx_word' id='word_1_140' title='bbox 378 1212 652 1285; x_wconf 75' lang='lat' dir='ltr'>icosa&#39;edron,</span> <span class='ocrx_word' id='word_1_141' title='bbox 684 1232 797 1273; x_wconf 83' lang='lat' dir='ltr'>unde</span> <span class='ocrx_word' id='word_1_142' title='bbox 825 1208 1134 1273; x_wconf 78' lang='lat' dir='ltr'>elementoruin</span> <span class='ocrx_word' id='word_1_143' title='bbox 1165 1233 1390 1288; x_wconf 82' lang='lat' dir='ltr'>generatio</span> <span class='ocrx_word' id='word_1_144' title='bbox 1418 1232 1660 1273; x_wconf 80' lang='lat' dir='ltr'>declarare-</span> 
     </span>
     <span class='ocr_line' id='line_1_20' title="bbox 309 1288 1659 1344; baseline -0.003 -14"><span class='ocrx_word' id='word_1_145' title='bbox 309 1297 402 1339; x_wconf 88' lang='lat' dir='ltr'>tur;</span> <span class='ocrx_word' id='word_1_146' title='bbox 436 1303 521 1343; x_wconf 90' lang='lat' dir='ltr'>quo</span> <span class='ocrx_word' id='word_1_147' title='bbox 544 1289 680 1344; x_wconf 88' lang='lat' dir='ltr'>ipsius</span> <span class='ocrx_word' id='word_1_148' title='bbox 705 1288 879 1330; x_wconf 84' lang='lat' dir='ltr'>decreto</span> <span class='ocrx_word' id='word_1_149' title='bbox 904 1290 1176 1330; x_wconf 82' lang='lat' dir='ltr'>Hermann</span> <span class='ocrx_word' id='word_1_150' title='bbox 1191 1305 1215 1329; x_wconf 91' lang='lat' dir='ltr'>u</span> <span class='ocrx_word' id='word_1_151' title='bbox 1232 1305 1250 1330; x_wconf 97' lang='grc'>5</span> <span class='ocrx_word' id='word_1_152' title='bbox 1280 1290 1395 1330; x_wconf 80' lang='lat' dir='ltr'>Hist.</span> <span class='ocrx_word' id='word_1_153' title='bbox 1421 1289 1532 1330; x_wconf 89' lang='lat' dir='ltr'>Phil.</span> <span class='ocrx_word' id='word_1_154' title='bbox 1549 1288 1659 1328; x_wconf 80' lang='lat' dir='ltr'>Plat.</span> 
     </span>
     <span class='ocr_line' id='line_1_21' title="bbox 308 1344 1659 1401; baseline -0.002 -15"><span class='ocrx_word' id='word_1_155' title='bbox 308 1347 342 1386; x_wconf 92' lang='lat' dir='ltr'>I.</span> <span class='ocrx_word' id='word_1_156' title='bbox 375 1362 416 1401; x_wconf 89' lang='lat' dir='ltr'>p.</span> <span class='ocrx_word' id='word_1_157' title='bbox 450 1347 545 1386; x_wconf 79' lang='lat'>590.</span> <span class='ocrx_word' id='word_1_158' title='bbox 578 1361 664 1387; x_wconf 89' lang='lat' dir='ltr'>non</span> <span class='ocrx_word' id='word_1_159' title='bbox 687 1345 893 1386; x_wconf 76' lang='lat' dir='ltr'>debuerat</span> <span class='ocrx_word' id='word_1_160' title='bbox 926 1344 1203 1386; x_wconf 70' lang='lat' dir='ltr'>adtuendam</span> <span class='ocrx_word' id='word_1_161' title='bbox 1235 1345 1510 1400; x_wconf 83' lang='lat' dir='ltr'>Epinomidis</span> <span class='ocrx_word' id='word_1_162' title='bbox 1531 1345 1659 1385; x_wconf 79' lang='lat' dir='ltr'>ratio-</span> 
     </span>
     <span class='ocr_line' id='line_1_22' title="bbox 308 1401 1660 1446; baseline -0.002 -2"><span class='ocrx_word' id='word_1_163' title='bbox 308 1418 406 1444; x_wconf 90' lang='lat' dir='ltr'>nem</span> <span class='ocrx_word' id='word_1_164' title='bbox 438 1403 570 1446; x_wconf 88' lang='lat' dir='ltr'>abuti.</span> <span class='ocrx_word' id='word_1_165' title='bbox 643 1405 700 1443; x_wconf 81' lang='lat' dir='ltr'>At</span> <span class='ocrx_word' id='word_1_166' title='bbox 731 1403 929 1442; x_wconf 86' lang='lat' dir='ltr'>nimirum</span> <span class='ocrx_word' id='word_1_167' title='bbox 961 1403 1168 1443; x_wconf 80' lang='lat' dir='ltr'>assumsit</span> <span class='ocrx_word' id='word_1_168' title='bbox 1201 1402 1329 1443; x_wconf 87' lang='lat' dir='ltr'>homo</span> <span class='ocrx_word' id='word_1_169' title='bbox 1363 1401 1578 1442; x_wconf 83' lang='lat' dir='ltr'>aetherem</span> <span class='ocrx_word' id='word_1_170' title='bbox 1618 1401 1660 1441; x_wconf 92' lang='lat' dir='ltr'>in</span> 
     </span>
     <span class='ocr_line' id='line_1_23' title="bbox 310 1457 1661 1512; baseline -0.001 -13"><span class='ocrx_word' id='word_1_171' title='bbox 310 1459 619 1500; x_wconf 80' lang='lat' dir='ltr'>elementorum</span> <span class='ocrx_word' id='word_1_172' title='bbox 651 1474 892 1511; x_wconf 72' lang='lat' dir='ltr'>nummum,</span> <span class='ocrx_word' id='word_1_173' title='bbox 926 1474 1011 1512; x_wconf 87' lang='lat' dir='ltr'>quo</span> <span class='ocrx_word' id='word_1_174' title='bbox 1034 1459 1290 1499; x_wconf 79' lang='lat' dir='ltr'>daemonum</span> <span class='ocrx_word' id='word_1_175' title='bbox 1314 1466 1434 1500; x_wconf 89' lang='lat' dir='ltr'>ortus</span> <span class='ocrx_word' id='word_1_176' title='bbox 1455 1458 1554 1498; x_wconf 84' lang='lat' dir='ltr'>inde</span> <span class='ocrx_word' id='word_1_177' title='bbox 1587 1457 1661 1498; x_wconf 91' lang='lat' dir='ltr'>de-</span> 
     </span>
     <span class='ocr_line' id='line_1_24' title="bbox 308 1514 1662 1570; baseline -0.004 -12"><span class='ocrx_word' id='word_1_178' title='bbox 308 1516 560 1569; x_wconf 79' lang='lat' dir='ltr'>claiaretur,</span> <span class='ocrx_word' id='word_1_179' title='bbox 593 1514 756 1570; x_wconf 89' lang='lat' dir='ltr'>dequo</span> <span class='ocrx_word' id='word_1_180' title='bbox 790 1514 984 1569; x_wconf 76' lang='lat' dir='ltr'>disputat</span> <span class='ocrx_word' id='word_1_181' title='bbox 1017 1531 1055 1569; x_wconf 90' lang='lat' dir='ltr'>p.</span> <span class='ocrx_word' id='word_1_182' title='bbox 1089 1517 1182 1556; x_wconf 72' lang='grc'><strong>984.</strong></span> <span class='ocrx_word' id='word_1_183' title='bbox 1219 1515 1268 1556; x_wconf 87' lang='grc' dir='ltr'>Ε.</span> <span class='ocrx_word' id='word_1_184' title='bbox 1300 1540 1346 1544; x_wconf 84' lang='grc'>-</span> <span class='ocrx_word' id='word_1_185' title='bbox 1374 1517 1456 1556; x_wconf 74' lang='grc'>985</span> <span class='ocrx_word' id='word_1_186' title='bbox 1502 1515 1552 1555; x_wconf 94' lang='grc' dir='ltr'>Ε.</span> <span class='ocrx_word' id='word_1_187' title='bbox 1576 1514 1662 1554; x_wconf 88' lang='lat' dir='ltr'>Ve-</span> 
     </span>
     <span class='ocr_line' id='line_1_25' title="bbox 310 1570 1661 1627; baseline -0.001 -14"><span class='ocrx_word' id='word_1_188' title='bbox 310 1588 402 1613; x_wconf 90' lang='lat' dir='ltr'>rum</span> <span class='ocrx_word' id='word_1_189' title='bbox 443 1572 486 1612; x_wconf 88' lang='lat' dir='ltr'>in</span> <span class='ocrx_word' id='word_1_190' title='bbox 527 1572 609 1613; x_wconf 90' lang='lat' dir='ltr'>hoc</span> <span class='ocrx_word' id='word_1_191' title='bbox 654 1572 749 1627; x_wconf 84' lang='lat' dir='ltr'>ipso</span> <span class='ocrx_word' id='word_1_192' title='bbox 790 1571 933 1613; x_wconf 81' lang='lat' dir='ltr'>denuo</span> <span class='ocrx_word' id='word_1_193' title='bbox 975 1571 1198 1613; x_wconf 82' lang='lat' dir='ltr'>Platonis</span> <span class='ocrx_word' id='word_1_194' title='bbox 1193 1578 1355 1626; x_wconf 88' lang='lat' dir='ltr'>partes</span> <span class='ocrx_word' id='word_1_195' title='bbox 1399 1572 1559 1613; x_wconf 82' lang='lat' dir='ltr'>invitus</span> <span class='ocrx_word' id='word_1_196' title='bbox 1595 1570 1661 1611; x_wconf 84' lang='lat' dir='ltr'>vel</span> 
     </span>
     <span class='ocr_line' id='line_1_26' title="bbox 308 1626 1661 1684; baseline -0.002 -14"><span class='ocrx_word' id='word_1_197' title='bbox 308 1629 453 1684; x_wconf 87' lang='lat' dir='ltr'>potius</span> <span class='ocrx_word' id='word_1_198' title='bbox 483 1627 735 1683; x_wconf 85' lang='lat' dir='ltr'>imprudens</span> <span class='ocrx_word' id='word_1_199' title='bbox 768 1627 1013 1669; x_wconf 84' lang='lat' dir='ltr'>deseruisse</span> <span class='ocrx_word' id='word_1_200' title='bbox 1045 1627 1359 1669; x_wconf 77' lang='lat' dir='ltr'>existimandus</span> <span class='ocrx_word' id='word_1_201' title='bbox 1392 1634 1470 1668; x_wconf 87' lang='lat' dir='ltr'>est.</span> <span class='ocrx_word' id='word_1_202' title='bbox 1543 1626 1661 1680; x_wconf 78' lang='lat' dir='ltr'>Quid</span> 
     </span>
     <span class='ocr_line' id='line_1_27' title="bbox 310 1683 1661 1739; baseline -0.001 -13"><span class='ocrx_word' id='word_1_203' title='bbox 310 1685 423 1726; x_wconf 86' lang='lat' dir='ltr'>enim</span> <span class='ocrx_word' id='word_1_204' title='bbox 455 1684 607 1725; x_wconf 79' lang='lat' dir='ltr'>Plato?</span> <span class='ocrx_word' id='word_1_205' title='bbox 679 1684 892 1725; x_wconf 84' lang='lat' dir='ltr'>Nimirum</span> <span class='ocrx_word' id='word_1_206' title='bbox 927 1685 962 1725; x_wconf 89' lang='lat' dir='ltr'>is</span> <span class='ocrx_word' id='word_1_207' title='bbox 997 1684 1105 1725; x_wconf 85' lang='lat' dir='ltr'>Tim.</span> <span class='ocrx_word' id='word_1_208' title='bbox 1139 1701 1179 1739; x_wconf 87' lang='lat' dir='ltr'>p</span> <span class='ocrx_word' id='word_1_209' title='bbox 1211 1686 1279 1727; x_wconf 80' lang='lat'>40.</span> <span class='ocrx_word' id='word_1_210' title='bbox 1313 1684 1367 1725; x_wconf 88' lang='lat' dir='ltr'>D.</span> <span class='ocrx_word' id='word_1_211' title='bbox 1401 1683 1453 1724; x_wconf 91' lang='lat' dir='ltr'>de</span> <span class='ocrx_word' id='word_1_212' title='bbox 1488 1684 1661 1725; x_wconf 76' lang='lat' dir='ltr'>daemo—</span> 
     </span>
     <span class='ocr_line' id='line_1_28' title="bbox 311 1739 1661 1796; baseline -0.002 -14"><span class='ocrx_word' id='word_1_213' title='bbox 311 1757 412 1783; x_wconf 89' lang='lat' dir='ltr'>num</span> <span class='ocrx_word' id='word_1_214' title='bbox 460 1739 727 1794; x_wconf 83' lang='lat' dir='ltr'>deorumque</span> <span class='ocrx_word' id='word_1_215' title='bbox 774 1741 1047 1796; x_wconf 86' lang='lat' dir='ltr'>popularium</span> <span class='ocrx_word' id='word_1_216' title='bbox 1092 1741 1260 1796; x_wconf 81' lang='lat' dir='ltr'>(›1i›ine</span> <span class='ocrx_word' id='word_1_217' title='bbox 1312 1740 1417 1782; x_wconf 71' lang='lat' dir='ltr'>lmee</span> <span class='ocrx_word' id='word_1_218' title='bbox 1462 1740 1661 1796; x_wconf 87' lang='lat' dir='ltr'>scripsit.</span> 
     </span>
     <span class='ocr_line' id='line_1_29' title="bbox 308 1798 1663 1850; baseline -0.002 -11"><span class='ocrx_word' id='word_1_219' title='bbox 308 1814 404 1840; x_wconf 81' lang='grc' dir='ltr'>πεοι</span> <span class='ocrx_word' id='word_1_220' title='bbox 437 1800 483 1838; x_wconf 81' lang='grc' dir='ltr'>ὸὲ</span> <span class='ocrx_word' id='word_1_221' title='bbox 514 1799 601 1838; x_wconf 77' lang='grc' dir='ltr'>τῶν</span> <span class='ocrx_word' id='word_1_222' title='bbox 629 1800 772 1837; x_wconf 56' lang='grc' dir='ltr'>(ζήλων</span> <span class='ocrx_word' id='word_1_223' title='bbox 804 1804 920 1850; x_wconf 57' lang='lat' dir='ltr'>darn</span> <span class='ocrx_word' id='word_1_224' title='bbox 918 1798 1030 1838; x_wconf 69' lang='grc' dir='ltr'>ἱνων</span> <span class='ocrx_word' id='word_1_225' title='bbox 1051 1802 1190 1839; x_wconf 69' lang='grc' dir='ltr'><em>εἰπεῖν</em></span> <span class='ocrx_word' id='word_1_226' title='bbox 1217 1815 1289 1838; x_wconf 80' lang='grc' dir='ltr'>και</span> <span class='ocrx_word' id='word_1_227' title='bbox 1321 1815 1335 1849; x_wconf 71' lang='lat'><strong><em>7</em></strong></span> <span class='ocrx_word' id='word_1_228' title='bbox 1338 1799 1464 1837; x_wconf 69' lang='grc' dir='ltr'>νῶι]</span> <span class='ocrx_word' id='word_1_229' title='bbox 1478 1815 1527 1837; x_wconf 77' lang='grc' dir='ltr'>αι</span> <span class='ocrx_word' id='word_1_230' title='bbox 1565 1813 1625 1847; x_wconf 51' lang='lat' dir='ltr'>Til</span> <span class='ocrx_word' id='word_1_231' title='bbox 1643 1813 1663 1836; x_wconf 85' lang='grc' dir='ltr'>ν</span> 
     </span>
     <span class='ocr_line' id='line_1_30' title="bbox 309 1844 1662 1919; baseline -0.001 -24"><span class='ocrx_word' id='word_1_232' title='bbox 309 1859 530 1919; x_wconf 71' lang='grc' dir='ltr'><em>γένεσιν</em></span> <span class='ocrx_word' id='word_1_233' title='bbox 567 1855 762 1907; x_wconf 79' lang='grc' dir='ltr'>ιιεῖζον</span> <span class='ocrx_word' id='word_1_234' title='bbox 807 1851 829 1904; x_wconf 67' lang='lat' dir='ltr'>i}</span> <span class='ocrx_word' id='word_1_235' title='bbox 876 1844 1006 1894; x_wconf 66' lang='lat' dir='ltr'>¹mels</span> <span class='ocrx_word' id='word_1_236' title='bbox 1052 1871 1214 1906; x_wconf 56' lang='lat' dir='ltr'>nun„</span> <span class='ocrx_word' id='word_1_237' title='bbox 1258 1858 1457 1895; x_wconf 69' lang='grc' dir='ltr'><em>τειιῐτεύν</em></span> <span class='ocrx_word' id='word_1_238' title='bbox 1489 1856 1533 1894; x_wconf 63' lang='lat' dir='ltr'>oie·</span> <span class='ocrx_word' id='word_1_239' title='bbox 1571 1861 1662 1901; x_wconf 58' lang='grc' dir='ltr'>τοῖς</span> 
     </span>
     <span class='ocr_line' id='line_1_31' title="bbox 310 1909 1661 1965; baseline -0.001 -13"><span class='ocrx_word' id='word_1_240' title='bbox 310 1908 533 1964; x_wconf 65' lang='grc' dir='ltr'><em>εὶυηκιὶσιν</em></span> <span class='ocrx_word' id='word_1_241' title='bbox 566 1913 716 1962; x_wconf 54' lang='lat' dir='ltr'>&amp;arzon</span> <span class='ocrx_word' id='word_1_242' title='bbox 712 1914 825 1950; x_wconf 64' lang='grc' dir='ltr'>,ι”Ιει</span> <span class='ocrx_word' id='word_1_243' title='bbox 858 1928 894 1951; x_wconf 76' lang='grc' dir='ltr'>κ.</span> <span class='ocrx_word' id='word_1_244' title='bbox 934 1927 966 1952; x_wconf 86' lang='lat' dir='ltr'>r.</span> <span class='ocrx_word' id='word_1_245' title='bbox 1001 1913 1036 1952; x_wconf 73' lang='grc' dir='ltr'>λ.</span> <span class='ocrx_word' id='word_1_246' title='bbox 1109 1912 1254 1963; x_wconf 69' lang='lat' dir='ltr'>Atqm</span> <span class='ocrx_word' id='word_1_247' title='bbox 1294 1909 1376 1951; x_wconf 91' lang='lat' dir='ltr'>hoc</span> <span class='ocrx_word' id='word_1_248' title='bbox 1409 1909 1549 1965; x_wconf 90' lang='lat' dir='ltr'>ipsum</span> <span class='ocrx_word' id='word_1_249' title='bbox 1583 1924 1661 1950; x_wconf 89' lang='lat' dir='ltr'>nos</span> 
     </span>
     <span class='ocr_line' id='line_1_32' title="bbox 309 1957 1660 2020; baseline -0.001 -13"><span class='ocrx_word' id='word_1_250' title='bbox 309 1967 515 2008; x_wconf 86' lang='lat' dir='ltr'>continuo</span> <span class='ocrx_word' id='word_1_251' title='bbox 547 1957 750 2008; x_wconf 77' lang='lat' dir='ltr'>admolut</span> <span class='ocrx_word' id='word_1_252' title='bbox 780 1967 909 2007; x_wconf 82' lang='lat' dir='ltr'>etiun</span> <span class='ocrx_word' id='word_1_253' title='bbox 941 1966 1058 2007; x_wconf 83' lang='lat' dir='ltr'>aliud</span> <span class='ocrx_word' id='word_1_254' title='bbox 1092 1966 1299 2020; x_wconf 82' lang='lat' dir='ltr'>quiddam</span> <span class='ocrx_word' id='word_1_255' title='bbox 1343 1982 1439 2007; x_wconf 77' lang='lat' dir='ltr'>cum</span> <span class='ocrx_word' id='word_1_256' title='bbox 1472 1966 1553 2007; x_wconf 83' lang='lat' dir='ltr'>hac</span> <span class='ocrx_word' id='word_1_257' title='bbox 1586 1965 1660 2007; x_wconf 93' lang='lat' dir='ltr'>do-</span> 
     </span>
     <span class='ocr_line' id='line_1_33' title="bbox 311 2022 1663 2077; baseline -0.001 -13"><span class='ocrx_word' id='word_1_258' title='bbox 311 2024 475 2065; x_wconf 83' lang='lat' dir='ltr'>ctrinae</span> <span class='ocrx_word' id='word_1_259' title='bbox 517 2031 638 2077; x_wconf 81' lang='lat' dir='ltr'>parte</span> <span class='ocrx_word' id='word_1_260' title='bbox 680 2024 875 2077; x_wconf 80' lang='lat' dir='ltr'>proxime</span> <span class='ocrx_word' id='word_1_261' title='bbox 917 2024 1222 2075; x_wconf 77' lang='lat' dir='ltr'>coniunctum,</span> <span class='ocrx_word' id='word_1_262' title='bbox 1270 2024 1310 2063; x_wconf 86' lang='lat' dir='ltr'>in</span> <span class='ocrx_word' id='word_1_263' title='bbox 1355 2038 1440 2075; x_wconf 82' lang='lat' dir='ltr'>quo</span> <span class='ocrx_word' id='word_1_264' title='bbox 1480 2022 1606 2064; x_wconf 90' lang='lat' dir='ltr'>homo</span> <span class='ocrx_word' id='word_1_265' title='bbox 1639 2038 1663 2062; x_wconf 82' lang='lat' dir='ltr'>a</span> 
     </span>
     <span class='ocr_line' id='line_1_34' title="bbox 312 2079 1661 2144; baseline -0.001 -24"><span class='ocrx_word' id='word_1_266' title='bbox 312 2081 476 2120; x_wconf 84' lang='lat' dir='ltr'>ratione</span> <span class='ocrx_word' id='word_1_267' title='bbox 511 2080 708 2120; x_wconf 81' lang='lat' dir='ltr'>Platonis</span> <span class='ocrx_word' id='word_1_268' title='bbox 752 2095 835 2120; x_wconf 88' lang='lat' dir='ltr'>non</span> <span class='ocrx_word' id='word_1_269' title='bbox 879 2095 1027 2144; x_wconf 83' lang='lat' dir='ltr'>parum</span> <span class='ocrx_word' id='word_1_270' title='bbox 1069 2080 1266 2120; x_wconf 80' lang='lat' dir='ltr'>descivit.</span> <span class='ocrx_word' id='word_1_271' title='bbox 1340 2079 1508 2120; x_wconf 78' lang='lat' dir='ltr'>Retulit</span> <span class='ocrx_word' id='word_1_272' title='bbox 1549 2079 1661 2120; x_wconf 90' lang='lat' dir='ltr'>enim</span> 
     </span>
     <span class='ocr_line' id='line_1_35' title="bbox 314 2135 1661 2190; baseline -0.001 -14"><span class='ocrx_word' id='word_1_273' title='bbox 314 2136 507 2190; x_wconf 87' lang='lat' dir='ltr'>scriptor</span> <span class='ocrx_word' id='word_1_274' title='bbox 546 2135 850 2190; x_wconf 86' lang='lat' dir='ltr'>Epiuomidis,</span> <span class='ocrx_word' id='word_1_275' title='bbox 905 2137 1047 2178; x_wconf 84' lang='lat' dir='ltr'>missis</span> <span class='ocrx_word' id='word_1_276' title='bbox 1090 2135 1173 2176; x_wconf 81' lang='lat' dir='ltr'>(liis</span> <span class='ocrx_word' id='word_1_277' title='bbox 1208 2135 1516 2190; x_wconf 85' lang='lat' dir='ltr'>popularibus,</span> <span class='ocrx_word' id='word_1_278' title='bbox 1551 2150 1661 2187; x_wconf 84' lang='lat' dir='ltr'>quos</span> 
     </span>
     <span class='ocr_line' id='line_1_36' title="bbox 310 2191 1660 2248; baseline -0.002 -16"><span class='ocrx_word' id='word_1_279' title='bbox 310 2199 455 2233; x_wconf 54' lang='lat' dir='ltr'>tamen</span> <span class='ocrx_word' id='word_1_280' title='bbox 502 2207 542 2246; x_wconf 88' lang='lat' dir='ltr'>p.</span> <span class='ocrx_word' id='word_1_281' title='bbox 575 2194 670 2233; x_wconf 72' lang='lat'>984.</span> <span class='ocrx_word' id='word_1_282' title='bbox 710 2192 761 2234; x_wconf 84' lang='lat' dir='ltr'>D.</span> <span class='ocrx_word' id='word_1_283' title='bbox 804 2208 899 2232; x_wconf 88' lang='lat' dir='ltr'>cum</span> <span class='ocrx_word' id='word_1_284' title='bbox 934 2193 1028 2248; x_wconf 83' lang='lat' dir='ltr'>ipso</span> <span class='ocrx_word' id='word_1_285' title='bbox 1062 2193 1240 2232; x_wconf 81' lang='lat' dir='ltr'>Platone</span> <span class='ocrx_word' id='word_1_286' title='bbox 1274 2192 1386 2231; x_wconf 85' lang='lat' dir='ltr'>Tim.</span> <span class='ocrx_word' id='word_1_287' title='bbox 1434 2208 1473 2246; x_wconf 86' lang='lat' dir='ltr'>p.</span> <span class='ocrx_word' id='word_1_288' title='bbox 1504 2193 1571 2232; x_wconf 88' lang='grc'>40.</span> <span class='ocrx_word' id='word_1_289' title='bbox 1609 2191 1660 2231; x_wconf 88' lang='lat' dir='ltr'>I).</span> 
     </span>
     <span class='ocr_line' id='line_1_37' title="bbox 312 2247 1661 2303; baseline -0.001 -13"><span class='ocrx_word' id='word_1_290' title='bbox 312 2253 379 2290; x_wconf 82' lang='lat'>41.</span> <span class='ocrx_word' id='word_1_291' title='bbox 413 2250 468 2290; x_wconf 94' lang='lat' dir='ltr'>A.</span> <span class='ocrx_word' id='word_1_292' title='bbox 513 2249 659 2303; x_wconf 90' lang='lat' dir='ltr'>populi</span> <span class='ocrx_word' id='word_1_293' title='bbox 702 2263 857 2289; x_wconf 65' lang='lat' dir='ltr'>cluss-t</span> <span class='ocrx_word' id='word_1_294' title='bbox 897 2257 1020 2289; x_wconf 60' lang='lat' dir='ltr'>caute</span> <span class='ocrx_word' id='word_1_295' title='bbox 1062 2247 1369 2302; x_wconf 77' lang='lat' dir='ltr'>ielinquendos</span> <span class='ocrx_word' id='word_1_296' title='bbox 1411 2248 1661 2299; x_wconf 50' lang='lat' dir='ltr'>wubitratur,</span> 
     </span>
     <span class='ocr_line' id='line_1_38' title="bbox 313 2303 1661 2361; baseline -0.001 -14"><span class='ocrx_word' id='word_1_297' title='bbox 313 2320 480 2347; x_wconf 85' lang='lat' dir='ltr'>omnem</span> <span class='ocrx_word' id='word_1_298' title='bbox 515 2305 736 2361; x_wconf 82' lang='lat' dir='ltr'>1eligionis</span> <span class='ocrx_word' id='word_1_299' title='bbox 769 2305 970 2360; x_wconf 83' lang='lat' dir='ltr'>pietat‹m</span> <span class='ocrx_word' id='word_1_300' title='bbox 1004 2304 1056 2345; x_wconf 62' lang='lat' dir='ltr'>ul</span> <span class='ocrx_word' id='word_1_301' title='bbox 1091 2320 1200 2345; x_wconf 83' lang='lat' dir='ltr'>unos</span> <span class='ocrx_word' id='word_1_302' title='bbox 1224 2311 1390 2344; x_wconf 75' lang='lat' dir='ltr'>tanturn</span> <span class='ocrx_word' id='word_1_303' title='bbox 1416 2303 1520 2345; x_wconf 87' lang='lat' dir='ltr'>deos</span> <span class='ocrx_word' id='word_1_304' title='bbox 1541 2320 1661 2345; x_wconf 90' lang='lat' dir='ltr'>mun-</span> 
     </span>
     <span class='ocr_line' id='line_1_39' title="bbox 313 2361 1668 2416; baseline -0.001 -14"><span class='ocrx_word' id='word_1_305' title='bbox 313 2361 450 2402; x_wconf 84' lang='lat' dir='ltr'>danos</span> <span class='ocrx_word' id='word_1_306' title='bbox 492 2369 621 2415; x_wconf 82' lang='lat' dir='ltr'>atque</span> <span class='ocrx_word' id='word_1_307' title='bbox 662 2363 837 2402; x_wconf 80' lang='lat' dir='ltr'>numina</span> <span class='ocrx_word' id='word_1_308' title='bbox 883 2362 1018 2416; x_wconf 87' lang='lat' dir='ltr'>ipsius</span> <span class='ocrx_word' id='word_1_309' title='bbox 1051 2368 1228 2401; x_wconf 77' lang='lat' dir='ltr'>naturae</span> <span class='ocrx_word' id='word_1_310' title='bbox 1263 2361 1426 2401; x_wconf 83' lang='lat' dir='ltr'>viribus</span> <span class='ocrx_word' id='word_1_311' title='bbox 1457 2368 1668 2415; x_wconf 53' lang='lat' dir='ltr'>cognata,</span> 
     </span>
     <span class='ocr_line' id='line_1_40' title="bbox 311 2417 1659 2472; baseline -0.001 -14"><span class='ocrx_word' id='word_1_312' title='bbox 311 2430 523 2472; x_wconf 85' lang='lat' dir='ltr'>sequutus</span> <span class='ocrx_word' id='word_1_313' title='bbox 565 2419 747 2459; x_wconf 81' lang='lat' dir='ltr'>maxime</span> <span class='ocrx_word' id='word_1_314' title='bbox 789 2432 863 2470; x_wconf 82' lang='lat' dir='ltr'>ea,</span> <span class='ocrx_word' id='word_1_315' title='bbox 910 2433 1020 2471; x_wconf 87' lang='lat' dir='ltr'>quac</span> <span class='ocrx_word' id='word_1_316' title='bbox 1066 2417 1200 2472; x_wconf 65' lang='lat' dir='ltr'>chg.</span> <span class='ocrx_word' id='word_1_317' title='bbox 1251 2417 1358 2458; x_wconf 75' lang='lat' dir='ltr'>Plat.</span> <span class='ocrx_word' id='word_1_318' title='bbox 1392 2417 1450 2458; x_wconf 91' lang='lat' dir='ltr'>X.</span> <span class='ocrx_word' id='word_1_319' title='bbox 1491 2433 1532 2472; x_wconf 90' lang='lat' dir='ltr'>p.</span> <span class='ocrx_word' id='word_1_320' title='bbox 1564 2418 1659 2458; x_wconf 68' lang='lat'>896.</span> 
     </span>
     <span class='ocr_line' id='line_1_41' title="bbox 312 2472 1663 2528; baseline 0 -14"><span class='ocrx_word' id='word_1_321' title='bbox 312 2472 362 2514; x_wconf 88' lang='lat' dir='ltr'>C.</span> <span class='ocrx_word' id='word_1_322' title='bbox 398 2489 492 2528; x_wconf 88' lang='lat' dir='ltr'>sqq.</span> <span class='ocrx_word' id='word_1_323' title='bbox 525 2474 812 2516; x_wconf 83' lang='lat' dir='ltr'>disseruntur.</span> <span class='ocrx_word' id='word_1_324' title='bbox 883 2474 934 2515; x_wconf 91' lang='lat' dir='ltr'>In</span> <span class='ocrx_word' id='word_1_325' title='bbox 967 2490 1052 2528; x_wconf 86' lang='lat' dir='ltr'>quo</span> <span class='ocrx_word' id='word_1_326' title='bbox 1083 2474 1178 2527; x_wconf 83' lang='lat' dir='ltr'>ipso</span> <span class='ocrx_word' id='word_1_327' title='bbox 1211 2480 1352 2514; x_wconf 85' lang='lat' dir='ltr'>tamen</span> <span class='ocrx_word' id='word_1_328' title='bbox 1389 2473 1663 2514; x_wconf 86' lang='lat' dir='ltr'>vehementer</span> 
     </span>
     <span class='ocr_line' id='line_1_42' title="bbox 312 2529 1661 2584; baseline 0 -14"><span class='ocrx_word' id='word_1_329' title='bbox 312 2529 518 2571; x_wconf 85' lang='lat' dir='ltr'>dissentit</span> <span class='ocrx_word' id='word_1_330' title='bbox 550 2546 646 2572; x_wconf 80' lang='lat' dir='ltr'>cum</span> <span class='ocrx_word' id='word_1_331' title='bbox 682 2531 888 2581; x_wconf 79' lang='lat' dir='ltr'>Platone,</span> <span class='ocrx_word' id='word_1_332' title='bbox 936 2532 1006 2584; x_wconf 86' lang='lat' dir='ltr'>qui</span> <span class='ocrx_word' id='word_1_333' title='bbox 1051 2545 1182 2583; x_wconf 86' lang='lat' dir='ltr'>quum</span> <span class='ocrx_word' id='word_1_334' title='bbox 1226 2530 1325 2570; x_wconf 71' lang='lat' dir='ltr'>alibi</span> <span class='ocrx_word' id='word_1_335' title='bbox 1367 2529 1449 2570; x_wconf 90' lang='lat' dir='ltr'>diis</span> <span class='ocrx_word' id='word_1_336' title='bbox 1481 2529 1661 2570; x_wconf 86' lang='lat' dir='ltr'>munda-</span> 
     </span>
     <span class='ocr_line' id='line_1_43' title="bbox 312 2586 1660 2642; baseline 0.001 -16"><span class='ocrx_word' id='word_1_337' title='bbox 312 2586 379 2627; x_wconf 86' lang='lat' dir='ltr'>nis</span> <span class='ocrx_word' id='word_1_338' title='bbox 411 2593 541 2639; x_wconf 76' lang='lat' dir='ltr'>atque</span> <span class='ocrx_word' id='word_1_339' title='bbox 576 2587 856 2642; x_wconf 72' lang='lat' dir='ltr'>popularibus</span> <span class='ocrx_word' id='word_1_340' title='bbox 889 2587 1015 2641; x_wconf 74' lang='lat' dir='ltr'>longe</span> <span class='ocrx_word' id='word_1_341' title='bbox 1038 2587 1302 2641; x_wconf 74' lang='lat' dir='ltr'>superiorem</span> <span class='ocrx_word' id='word_1_342' title='bbox 1325 2586 1527 2627; x_wconf 81' lang='lat' dir='ltr'>statuerit</span> <span class='ocrx_word' id='word_1_343' title='bbox 1545 2600 1660 2627; x_wconf 89' lang='lat' dir='ltr'>sum-</span> 
     </span>
     <span class='ocr_line' id='line_1_44' title="bbox 313 2642 1660 2697; baseline 0.001 -15"><span class='ocrx_word' id='word_1_344' title='bbox 313 2658 426 2683; x_wconf 90' lang='lat' dir='ltr'>mum</span> <span class='ocrx_word' id='word_1_345' title='bbox 469 2642 621 2695; x_wconf 78' lang='lat' dir='ltr'>deum,</span> <span class='ocrx_word' id='word_1_346' title='bbox 671 2644 797 2685; x_wconf 89' lang='lat' dir='ltr'>huius</span> <span class='ocrx_word' id='word_1_347' title='bbox 838 2658 976 2684; x_wconf 82' lang='lat' dir='ltr'>rerum</span> <span class='ocrx_word' id='word_1_348' title='bbox 1019 2643 1311 2684; x_wconf 82' lang='lat' dir='ltr'>universitatis</span> <span class='ocrx_word' id='word_1_349' title='bbox 1345 2649 1565 2697; x_wconf 76' lang='lat' dir='ltr'>parentem</span> <span class='ocrx_word' id='word_1_350' title='bbox 1597 2649 1660 2683; x_wconf 86' lang='lat' dir='ltr'>at-</span> 
     </span>
     <span class='ocr_line' id='line_1_45' title="bbox 312 2698 1659 2754; baseline 0 -14"><span class='ocrx_word' id='word_1_351' title='bbox 312 2713 395 2754; x_wconf 86' lang='lat' dir='ltr'>que</span> <span class='ocrx_word' id='word_1_352' title='bbox 427 2699 760 2753; x_wconf 72' lang='lat' dir='ltr'>gubernatorem</span> <span class='ocrx_word' id='word_1_353' title='bbox 792 2700 1173 2754; x_wconf 80' lang='lat' dir='ltr'>sapientissimum,</span> <span class='ocrx_word' id='word_1_354' title='bbox 1207 2705 1294 2740; x_wconf 88' lang='lat' dir='ltr'>tum</span> <span class='ocrx_word' id='word_1_355' title='bbox 1332 2713 1422 2739; x_wconf 80' lang='lat' dir='ltr'>eam</span> <span class='ocrx_word' id='word_1_356' title='bbox 1450 2698 1659 2740; x_wconf 83' lang='lat' dir='ltr'>rationem</span> 
     </span>
    </p>
   </div>
  </div>
 </body>
</html>
