1781 2971
327 160 408 199 414
829 157 1210 201 PLATONIS

326 274 534 325 σθήσεων
580 276 769 328 κραθεὶς
815 273 1050 330 γενόμενός
1100 292 1142 318 τε
1179 280 1238 324 εὶς
1272 278 1317 317 ἓν
1354 278 1544 332 σωτηρία
1583 274 1681 318 ἑκα-

324 356 438 383 στων
473 339 719 383 δικαιότατ’
764 338 823 382 ἂν
861 346 925 393 εἴη
962 344 1222 397 καλουμένη.

429 408 532 450 ΚΛ.
593 405 735 450 ’Ἐοικε
773 409 901 461 γοῦν.

250 482 286 522 Ε
430 475 528 516 ΑΘ.
585 472 730 518 ’Ἐοικε
766 473 867 530 γάρ.
904 473 1006 517 ἀλλ’
1059 472 1081 517 ὁ
1120 477 1215 529 περὶ
1256 480 1296 517 τί
1334 475 1438 523 νοῦς
1473 472 1568 528 μετ’
1614 480 1680 517 αὶ-

323 538 531 592 σθήσεων
569 544 756 596 κραθεὶς
791 544 983 597 σωτηρία
1037 543 1200 584 πλοίων
1236 545 1281 583 ἕν
1317 557 1362 595 γε
1397 543 1575 596 χειμῶσι
1608 544 1681 584 καὶ

322 613 368 649 ἐν
407 607 572 657 εὐδίαις
610 606 796 663 γίγνοιτ’
846 605 936 661 ἄν,·
984 600 1059 662 ἆρ’
1103 608 1184 651 οὐκ
1221 613 1267 650 ὲν
1304 611 1375 659 νηὶ·
1412 607 1681 664 κυβερνήτης

321 672 417 728 ἅμα
465 676 537 717 καὶ
584 678 747 718 ναῦται
797 674 876 725 τὰς
920 675 1158 726 αἰσθήσεις
1197 677 1256 729 τῷ
1285 677 1580 730 κυβερνητικῷ
1617 677 1678 729 νῷ

321 740 696 798 συγκερασάμενοι
736 741 948 794 σώζουσιν
986 740 1150 792 αὐτούς
1184 759 1226 785 τε
1263 745 1336 785 καὶ
1374 740 1425 784 τὰ
1463 744 1561 798 περὶ
1599 740 1680 794 τὴν

321 810 459 860 ναῦνς

428 876 527 918 ΚΛ.
608 876 660 915 Τι’
692 872 803 928 ij,-

418 943 516 984 ΑΘ.
590 940 727 983 Οὐδὲν
758 940 808 992 δὴ
843 942 1017 983 πολλῶν
1054 943 1119 983 δεῖ
1155 941 1241 982 τῶν
1278 944 1372 997 περὶ
1411 941 1466 984 τὰ
1491 944 1677 985 τοιαῦτα

321 1007 712 1062 παραδειγμάτων,
753 1006 853 1050 ἀλλ’
894 1007 990 1051 οἷον
1027 1010 1125 1061 περὶ
1162 1011 1474 1061 στρατοπέδων
1510 1010 1677 1060 νοήσω-

319 1092 425 1130 μεν,
469 1078 569 1117 τίνα
615 1077 800 1128 θέμενοι
845 1077 1086 1130 στρατηγοὶ
1146 1075 1313 1118 σκοπὸν
1372 1078 1447 1118 καὶ
1501 1075 1675 1132 ἰατρικὴ

319 1141 536 1197 ὑπηρεσία
574 1144 697 1184 πᾶσα
738 1141 984 1197 στοχάζοιτ’
1027 1140 1085 1184 ἂν
1119 1143 1193 1193 τῆς
1229 1147 1460 1199 σωτηρίας.

428 1211 529 1252 ΚΛ.
597 1209 784 1265 Ὀρθῶς.

421 1278 520 1320 ΑΘ,
579 1269 681 1330 Ἆρ’
733 1274 812 1329 οὐχ
858 1271 884 1326 ἡ
930 1277 1009 1327 μὲν
1060 1278 1185 1326 νίκην
1231 1278 1303 1318 καὶ
1349 1276 1509 1330 κράτος
1549 1279 1674 1318 πολε-

317 1347 452 1398 μίων,
499 1342 526 1395 ἡ
565 1344 609 1385 δὲ
648 1343 814 1397 ἰατρῶν
852 1357 895 1383 τε
932 1344 1003 1384 καὶ
1039 1339 1270 1397 ὑπηρετῶν
1306 1342 1471 1395 ὑγιείας
1506 1343 1675 1398 σώματι

207 1280 289 1321 962

317 1409 624 1467 παρασκευήυ,·

421 1478 528 1521 ΚΛ.
603 1477 706 1526 ΙΙῶς
742 1473 827 1531 γαρ
867 1472 942 1531 01'53

421 1545 520 1588 ΑΘ.
585 1541 756 1598 Ἰατρὸς
778 1541 831 1594 δὴ
871 1541 920 1585 τὸ
957 1545 1054 1598 περὶ
1091 1545 1215 1597 σῶμα
1255 1543 1446 1595 α’γνοῶν,
1482 1540 1504 1585 ὃ
1543 1559 1672 1598 προς-

415 1697 453 1728 Ε.
512 1698 607 1739 περὶ
648 1697 957 1740 στρατοπέδων
1001 1695 1247 1737 νοήσωμεν]
1298 1697 1385 1727 Post
1430 1695 1672 1737 στρατοπέδων

317 1742 394 1773 inde
422 1753 440 1774 a
470 1742 648 1784 Stephano
682 1744 724 1776 de
758 1745 957 1775 coniectura
992 1742 1146 1774 Cornarii
1173 1742 1394 1782 interponunt
1422 1740 1479 1770 καὶ
1504 1742 1671 1785 ἰατρικῆς,

316 1788 409 1828 quod
446 1789 490 1819 ab
526 1790 620 1821 libris
654 1800 736 1822 mss.
769 1789 929 1822 omnibus
964 1789 1076 1821 abest.
1135 1787 1210 1819 Nec
1245 1798 1286 1819 eo
1321 1797 1408 1830 opus
1446 1797 1544 1826 esse,
1583 1789 1669 1820 infra

315 1834 544 1866 ostendimus.

410 1881 448 1911 P.
478 1880 557 1915 962.

315 1924 424 1967 Vulgo
454 1924 596 1969 σώμασι.

609 1879 778 1922 ὑγιείας
816 1878 1002 1923 σώματι]
1031 1879 1091 1911 Sic
1121 1880 1163 1911 A.
1191 1890 1220 1911 v.
1248 1890 1277 1911 a.
1306 1879 1338 1911 ὃ.
1365 1892 1394 1914 ο.
1422 1889 1454 1912 Χ.
1481 1881 1516 1909 et
1541 1889 1591 1920 pr.
1620 1880 1669 1912 Ω.

1027 2047 1125 2079 pres,
1167 2043 1206 2070 ut
1239 2040 1346 2080 solet,
1381 2040 1473 2073 istud
1507 2048 1548 2075 et
1580 2053 1667 2076 me—

1026 2084 1045 2114 d
1064 2085 1072 2115 ἰ
1093 2084 1136 2115 ci
1159 2094 1178 2115 n
1195 2095 1212 2116 a
1269 2085 1312 2118 de
1361 2096 1424 2119 suo
1475 2088 1665 2122 addidisse.

361 2035 406 2066 D.
447 2035 701 2068 δικαιότατ’
729 2036 776 2068 ἄν
802 2039 866 2078 εἴη
892 2049 955 2067 κα-

313 2081 331 2110 λ
349 2091 367 2111 ο
385 2094 402 2112 υ
417 2094 442 2121 μ
460 2084 504 2113 έν
521 2084 564 2122 η]
618 2084 739 2115 Genus
786 2083 956 2124 participii

313 2126 513 2167 praedicato
550 2128 853 2160 accommodatum
889 2133 955 2167 est,

311 2171 355 2203 de
382 2182 448 2212 qua
480 2174 752 2206 constructionis
786 2174 896 2205 forma
923 2184 954 2205 v.

311 2216 355 2248 ad
386 2217 524 2251 Menon.
568 2230 600 2261 p.
630 2220 682 2253 79.
713 2220 750 2251 E.
780 2220 889 2260 Gorg.
920 2230 951 2260 p.

309 2263 389 2297 463.
419 2263 457 2295 Ε.
489 2265 596 2307 Legg.
622 2265 666 2298 X.
693 2277 726 2308 p.
745 2265 822 2299 892.
852 2269 891 2297 A.
912 2265 950 2297 V.

311 2319 342 2350 p.
372 2309 451 2344 735.
480 2310 517 2342 E.

384 2355 422 2387 E.
495 2356 595 2397 περὶ
650 2355 953 2399 στρατοπέδων

309 2399 550 2443 νοήσωμεν]
590 2401 677 2433 Post
714 2401 952 2444 στρατοπέδων

308 2444 561 2488 Stephanus
598 2447 655 2477 καὶ
680 2447 835 2489 ἰατρικῆς
860 2448 951 2479 inse-

309 2492 396 2531 ruit,
438 2493 530 2532 quod
567 2492 771 2524 Coruarii
805 2493 951 2525 debetur

307 2538 542 2569 coniecturae.
570 2539 755 2579 Expressit
775 2539 856 2572 iilud
886 2539 910 2570 1⁴*
923 2539 948 2570 i-

308 2582 446 2614 cinus:
499 2583 586 2615 Non
626 2585 774 2616 multis
810 2595 949 2616 exem-

308 2628 400 2668 plis
427 2638 538 2670 opus
564 2631 742 2667 est;sed
770 2631 807 2661 in
834 2640 945 2661 exer-

306 2673 402 2705 citu
431 2678 472 2706 et
498 2675 716 2707 medicina
751 2675 945 2708 conside—

307 2728 448 2751 remus
473 2723 535 2752 ου.
587 2721 658 2752 Sed
687 2721 821 2754 videtur
841 2721 947 2753 inter-

1024 2128 1097 2161 Nec
1132 2139 1215 2162 vero
1249 2131 1313 2163 ista
1339 2133 1521 2166 verborum
1548 2145 1667 2167 acces·

1023 2176 1119 2207 sione
1174 2176 1243 2207 nno
1297 2177 1401 2209 modo
1456 2179 1664 2221 indigemus.

1023 2220 1107 2253 Nam
1161 2230 1263 2261 quum
1312 2223 1410 2254 initio
1449 2226 1664 2260 exercituum

1021 2269 1151 2297 tantum
1179 2267 1314 2299 mentio
1336 2267 1521 2311 iniiciatur,
1549 2275 1664 2305 tamen

1021 2311 1146 2343 deinde
1172 2313 1240 2343 aiio
1267 2315 1427 2355 exemplo
1453 2316 1572 2350 addito
1598 2328 1664 2351 non

1020 2358 1128 2388 solum
1155 2357 1398 2398 imperatores,
1414 2371 1532 2396 verum
1559 2365 1663 2397 etiam

1021 2402 1146 2434 medici
1177 2411 1507 2440 commemorantur.
1556 2409 1661 2443 Quod

1020 2458 1037 2479 a
1068 2458 1165 2480 more
1185 2449 1342 2482 Platonis
1368 2461 1582 2495 nequaquam
1601 2455 1662 2486 ab·

1020 2492 1149 2525 horret.
1198 2496 1319 2537 Itaque
1337 2497 1527 2531 abiecimus
1542 2510 1661 2532 rursus

1021 2538 1228 2572 Cornarii
1267 2548 1520 2583 commentum,
1566 2546 1659 2586 quod

1020 2586 1139 2617 mirum
1183 2591 1237 2618 est
1275 2588 1355 2620 iude
1387 2599 1404 2620 a
1439 2589 1660 2631 Stephano

1018 2632 1060 2663 ab
1087 2632 1245 2663 omnibus
1271 2633 1463 2667 editoribus
1488 2635 1531 2667 ad
1557 2636 1659 2669 Turi-

1019 2686 1142 2708 censes
1190 2687 1298 2719 usque
1345 2689 1423 2712 esse
1471 2688 1656 2715 servatum.

1020 2722 1445 2757 winckeimnnnus
1489 2727 1658 2768 probante
