1781 2971
322 198 404 239 336
465 194 928 239 ARGUMENTUM
959 195 1132 238 LIBRI
1163 193 1549 240 DUODECIMI.

322 308 453 350 fuerit
492 313 536 349 et
566 308 831 364 compositus
863 307 1036 350 divinus
1066 307 1138 349 ille
1169 313 1431 363 conventus,
1462 308 1675 351 tradenda

323 366 362 406 ei
393 364 548 406 civitas
579 370 647 406 est
677 365 771 406 sine
802 365 890 406 ulla
921 363 1216 416 dubitatione3
1263 380 1363 406 nam
1393 381 1542 408 revera
1571 364 1674 407 effe-

322 427 438 462 ctum
469 421 552 462 erit
583 421 702 474 quod
731 421 878 476 paullo
911 427 1012 462 ante
1052 428 1258 476 'tanquam
1289 423 1503 464 somnium
1534 421 1674 476 quod-

323 477 421 519 dam
452 477 795 534 attingebamus‚
828 478 981 532 eapitis
1015 483 1058 518 et
1088 478 1267 531 mentis,
1298 477 1412 520 unde
1443 478 1673 520 animantis

322 534 535 588 cuiusque
574 533 786 589 penderet
816 534 1114 588 conservatio,
1155 535 1387 588 imaginem
1427 550 1673 591 proponen-

320 598 403 644 tes,
435 591 471 632 si
502 590 631 632 modo
661 590 706 631 hi
737 591 818 632 viri
849 590 1078 646 diligenter
1116 597 1158 632 et
1187 591 1390 647 religiose
1422 591 1579 633 delecti
1610 598 1675 633 at-

323 662 407 701 que
447 646 605 688 idonea
644 647 812 689 ratione
851 647 1042 688 instituti
1082 647 1256 688 fuerint.
1317 646 1492 704 Quippe
1523 653 1675 704 gerent

320 704 384 746 illi
421 704 619 760 profecto
660 719 808 746 euram
851 704 1154 759 perpetuitatis
1193 704 1460 759 reipublicae
1500 710 1676 746 nostrae

323 760 642 817 sapientissime
678 767 811 814 atque
841 760 886 802 id
923 760 1136 814 efficient,
1178 766 1228 802 ut
1258 775 1310 803 ea
1340 776 1468 816 quam
1512 761 1676 817 optima

323 823 367 859 et
396 817 713 874 perfectissima
744 824 787 859 et
816 817 873 859 sit
903 823 947 859 et
977 823 1164 859 maneat.

437 929 536 971 Hae
577 928 872 985 disputatione
927 929 1052 970 finita
1100 930 1308 986 Meg-illus
1370 928 1425 971 ad
1466 928 1673 971 Cliniam:

325 984 366 1027 O
398 986 527 1039 bone,
558 986 714 1040 inquit,
756 985 1066 1028 constituenda
1093 1001 1196 1028 vero
1228 986 1383 1027 civitas
1416 987 1675 1042 Magnetum

325 1042 412 1096 sie,
453 1045 518 1083 uti
556 1057 671 1084 nune
714 1049 781 1085 est
818 1043 1080 1098 expositum.
1152 1041 1242 1085 Sed
1280 1042 1440 1097 hospes
1486 1042 1556 1084 hio
1588 1058 1675 1084 non

327 1104 396 1140 est
426 1097 728 1152 dimittendus,
759 1114 909 1141 verum
938 1099 1054 1141 omni
1077 1099 1204 1141 modo
1236 1099 1454 1155 rogandus
1488 1105 1532 1140 et
1558 1114 1674 1141 com-

328 1155 595 1208 monendus,
632 1163 681 1198 ut
719 1157 763 1197 in
804 1171 940 1198 novae
979 1156 1098 1197 urbis
1138 1154 1391 1198 condendae
1421 1156 1674 1198 societatem

329 1212 477 1253 veniat
506 1213 569 1267 (p.
601 1212 695 1256 968.
729 1216 784 1254 A.
817 1238 870 1243 —
902 1214 997 1254 969.
1030 1212 1123 1265 D.).
