1781 2971
278 156 357 199 120
790 151 1250 195 ARGUMENTUM

274 271 489 312 instructa
529 264 654 308 nobis
697 279 784 306 non
820 265 1080 318 intellectis,
1124 280 1204 320 pro
1257 264 1432 306 numine
1481 263 1629 305 divino

276 325 426 368 haberi
465 328 681 379 oportere.
742 320 865 363 Idem
895 336 1024 377 vero,
1057 321 1174 377 quod
1205 321 1258 363 de
1290 335 1431 362 rerum
1459 321 1631 362 univer-

277 383 406 425 sitate
436 380 694 431 iudicamus,
726 377 855 420 etiam
886 377 940 419 de
971 378 1077 431 sole,
1107 377 1225 431 luna,
1257 377 1387 420 astris
1417 383 1548 431 atque
1579 376 1633 418 de

277 438 424 490 annis,
482 435 729 487 mensibus,
787 435 1119 490 tempestatibus
1167 441 1235 477 est
1285 432 1633 475 existimandum.

279 494 478 547 Quorum
539 491 730 533 omnium
784 505 963 533 caussas
1013 491 1218 544 quoniam
1274 490 1402 532 facile
1455 494 1636 545 apparet

279 551 395 593 omni
444 561 547 590 esse·
588 548 748 589 virtute
778 561 830 589 ac
879 547 1147 602 praestantia
1192 548 1376 588 maxime
1425 546 1634 602 insignes,

279 607 442 648 animas
483 605 537 647 iis
568 604 813 661 praefectas
845 603 951 646 deos
983 618 1080 646 esse
1111 603 1350 646 rectissime
1382 609 1637 646 statuemus,

278 664 379 705 Hoc
418 668 563 704 autem
603 661 641 703 si
679 667 799 703 recte
845 660 907 702 ita
944 661 1175 714 statuitur,
1217 660 1314 714 quis
1363 674 1523 714 quaeso
1571 664 1639 700 est

280 720 387 775 quin
424 725 579 775 sponte
616 718 803 759 fateatur
839 717 1065 759 verissime
1106 716 1271 759 dictum
1318 729 1440 770 esse,
1495 715 1640 757 omnia

281 792 376 819 esse
416 777 547 831 plena
586 773 794 816 deorum?
854 776 1002 829 Atque
1041 774 1150 815 haec
1189 772 1364 827 quidem
1405 787 1538 828 quum
1576 772 1639 812 ita

281 848 375 875 sese
406 832 617 885 habeant,
657 830 835 872 tandem
864 831 1019 873 missos
1051 830 1258 872 faciamus
1288 829 1414 882 istos,
1449 828 1522 883 qui
1551 828 1638 869 vim

281 902 570 942 naturamque
611 886 791 929 deorum
822 885 1058 929 'sublatam
1106 887 1282 940 volunt,
1333 885 1414 928 hac
1463 883 1640 940 quidem

280 947 377 1003 lege
409 952 540 999 atque
571 943 847 996 conditione,
879 949 928 984 ut
955 950 1030 984 aut
1059 957 1136 984 nos
1169 943 1327 983 erroris
1359 943 1637 993 convincant,

283 1003 358 1057 qui
397 1002 450 1043 ab
492 1015 638 1042 eorum
678 1000 847 1040 ratione
879 999 1130 1055 longissime
1162 998 1449 1051 discedimus,
1482 1006 1570 1051 aut,
1603 997 1641 1038 si

280 1059 326 1101 id
366 1073 455 1100 non
485 1056 658 1112 possint
688 1056 847 1108 facere,
878 1056 1003 1098 nobis
1032 1056 1221 1109 ingenue
1251 1055 1548 1096 assentiantur
1577 1060 1640 1094 at-

283 1130 367 1171 que
398 1121 574 1171 postero
605 1120 802 1169 tempore
831 1112 892 1153 ita
922 1113 1066 1154 vivere
1096 1112 1343 1164 instituant,
1376 1119 1424 1153 ut
1452 1111 1505 1152 iis
1537 1125 1640 1152 con-

283 1178 536 1215 sentaneum
568 1179 655 1222 est,
697 1170 770 1225 qui
814 1168 920 1211 deos
961 1184 1055 1211 esse
1084 1169 1258 1225 penitus
1295 1168 1378 1210 sibi
1411 1181 1641 1223 persuase-

282 1230 370 1271 rint
414 1229 474 1282 (p.
507 1228 602 1269 896.
638 1227 692 1268 D.
724 1251 777 1257 —
810 1228 909 1269 899.
946 1225 1033 1280 D.).
1070 1249 1117 1256 -
1178 1225 1303 1266 Haec
1334 1225 1469 1280 igitur
1501 1223 1640 1265 Athe-

282 1285 446 1328 niensis
479 1298 529 1325 eo
561 1282 757 1332 consilio,
787 1290 836 1324 ut
866 1297 1024 1323 numen
1071 1281 1265 1322 divinum
1299 1296 1394 1323 esse
1424 1280 1640 1335 intelliga-

284 1351 369 1384 tur.
439 1339 540 1393 Qua
579 1339 872 1395 disputatione
910 1338 1033 1379 finita
1073 1352 1168 1379 sese
1209 1339 1417 1379 continuo
1470 1336 1525 1378 ad
1566 1351 1642 1378 eos

285 1398 525 1450 convertit,
559 1397 656 1450 qui,
695 1396 776 1437 etsi
808 1395 913 1437 deos
945 1410 1039 1437 esse
1069 1394 1333 1450 largiantur,
1376 1401 1523 1436 tamen
1566 1408 1642 1435 eos

284 1470 353 1497 res
383 1454 594 1495 humanas
626 1468 775 1494 curare
806 1458 979 1508 negent.
1041 1450 1166 1504 Quos
1201 1451 1375 1505 quidem
1407 1457 1554 1492 orator
1582 1450 1644 1491 ita

286 1518 469 1554 conatur
508 1509 692 1552 edocere
724 1509 926 1561 meliora,
968 1514 1017 1549 ut
1053 1508 1238 1564 primum
1276 1522 1349 1550 eos
1392 1507 1445 1549 de
1475 1506 1642 1548 caussis

286 1568 542 1620 admoneat,
583 1581 661 1608 cur
696 1566 871 1622 impiam
912 1566 1040 1606 istam
1080 1565 1328 1620 opinionem
1367 1564 1521 1606 animis
1552 1563 1642 1605 suis

284 1624 573 1680 susceperint.
640 1622 798 1677 Itaque
837 1636 911 1664 eos
942 1622 1017 1662 tali
1061 1622 1151 1663 fere
1203 1620 1334 1663 modo
1393 1619 1643 1676 compellat:

288 1681 329 1725 O
370 1682 512 1733 bone,
555 1680 723 1734 inquit,
777 1679 852 1734 qui
894 1678 1072 1720 deorum
1113 1677 1430 1733 providentiam
1481 1677 1643 1718 nullam

286 1753 382 1781 esse
422 1744 566 1793 putas,
598 1736 772 1778 videtur
819 1742 895 1777 tua
942 1735 1081 1791 ipsius
1132 1751 1229 1777 cum
1271 1735 1445 1776 numine
1495 1733 1644 1775 divino

288 1795 492 1851 cognatio
529 1800 571 1835 te
610 1808 782 1834 movere
824 1799 866 1834 et
897 1791 1114 1834 adducere
1147 1807 1302 1846 posse,
1343 1797 1393 1832 ut
1431 1791 1529 1832 illos
1573 1790 1643 1844 pie

287 1866 525 1909 agnoscas,
570 1850 690 1892 colas
721 1857 764 1892 et
795 1850 1052 1900 reverearis3
1098 1848 1176 1890 sed
1215 1863 1291 1890 cur
1332 1863 1459 1890 secus
1491 1847 1640 1897 facias,

288 1922 446 1951 caussa
476 1908 584 1949 haec
615 1914 694 1948 est.
755 1906 933 1947 Inducit
963 1906 1076 1947 enim
1115 1912 1160 1946 te
1192 1904 1246 1945 ad
1269 1905 1534 1961 impietatem
1566 1903 1642 1945 ho-

289 1966 450 2008 minum
481 1964 739 2005 iniustorum
772 1970 815 2004 et
845 1963 1140 2018 improborum
1161 1962 1349 2015 fortuna,
1383 1975 1493 2016 quae
1512 1975 1642 2015 saepe

286 2022 463 2064 videtur
509 2035 604 2063 esse
652 2019 920 2062 faustissima
973 2024 1017 2061 et
1062 2019 1338 2072 beatissima,
1389 2017 1644 2073 praesertim

289 2094 422 2134 quum
461 2092 592 2133 saepe
632 2077 758 2118 etiam
798 2075 1060 2118 carminibus
1101 2075 1313 2134 et'omnis
1345 2075 1516 2130 generis
1549 2088 1645 2115 ora·

287 2135 482 2178 tionibus
523 2133 676 2174 'mirum
718 2139 923 2187 qua-ntum
971 2132 1237 2181 celebretur3
1278 2132 1351 2173 ubi
1392 2132 1526 2187 igitur
1565 2131 1643 2170 im-

290 2192 452 2248 probos
491 2190 688 2232 homines
728 2189 850 2231 vides
894 2188 949 2230 ad
990 2196 1229 2230 extremum
1266 2188 1381 2229 vitae
1431 2187 1644 2228 humanae

289 2250 519 2291 terminum
559 2247 651 2289 sine
692 2245 930 2288 offensione
969 2260 1020 2287 ac
1051 2245 1258 2300 singulari
1289 2243 1476 2298 quadam
1508 2244 1644 2285 felici-

288 2312 377 2348 tate
402 2305 628 2360 pervenire
649 2311 778 2357 atque
809 2303 936 2344 etiam
968 2302 1082 2343 filios
1113 2308 1157 2343 et
1187 2309 1370 2356 nepotes
1401 2301 1644 2354 relinquere

289 2363 334 2405 in
375 2377 541 2405 summa
572 2361 780 2403 felicitate
821 2367 865 2402 et
897 2359 1060 2400 honore
1091 2358 1378 2410 constitutos,
1418 2365 1510 2399 tum
1541 2372 1644 2399 vero

289 2420 433 2461 animo
465 2425 542 2460 tuo
575 2417 852 2459 vehementer
880 2415 1161 2471 perturbaris,
1193 2430 1323 2470 quum
1355 2415 1524 2457 scilicet
1553 2414 1643 2455 ani-

289 2475 524 2518 madvertis
563 2489 657 2517 esse
700 2489 785 2515 non
825 2487 1013 2530 paucos,
1057 2472 1132 2526 qui
1175 2471 1284 2513 adeo
1327 2486 1405 2526 per
1433 2469 1643 2513 nefandas

290 2548 340 2575 ac
380 2531 497 2573 diras
537 2532 782 2587 impietates
822 2545 874 2572 ex
911 2528 1064 2570 humili
1101 2528 1349 2571 conditione
1390 2543 1440 2570 ac
1472 2528 1645 2570 fortuna

290 2589 345 2631 ad
385 2603 577 2631 summae
621 2587 841 2644 potentiae
879 2603 928 2629 ac
972 2585 1190 2627 felicitatis
1231 2585 1454 2641 fastigium
1494 2599 1643 2626 escen-

291 2646 445 2688 derint.
525 2644 702 2686 Talibus
744 2644 876 2700 igitur
916 2643 1043 2684 rebus
1086 2650 1132 2684 tu
1173 2642 1440 2697 perturbaris
1483 2641 1642 2689 auimo,

292 2711 333 2745 et
383 2717 641 2757 quamquam
693 2717 776 2742 non
831 2699 964 2742 audes
1014 2705 1190 2754 propter
1240 2706 1354 2740 tuam
1409 2713 1504 2741 cum
1560 2697 1644 2739 diis
