1781 2971
333 185 410 227 122
783 182 1237 226 ARGUMENTUM

328 302 460 349 ment,
504 304 651 336 tamen
686 309 760 336 eas
796 295 975 336 arbitrio
1007 294 1195 351 quodam
1225 310 1303 337 suo
1336 309 1424 336 non
1454 305 1607 338 curent
1636 311 1686 338 ac

331 353 590 408 respiciant,
638 350 999 405 quemadmodum
1039 352 1147 394 viles
1178 359 1218 393 et
1247 351 1451 393 imbecilli
1481 352 1686 394 mortales

330 407 514 450 subinde
536 407 742 449 dicuntur
772 421 901 449 nosse
923 407 1099 462 quidem
1131 408 1336 461 meliora,
1369 407 1447 449 sed
1475 423 1580 465 prae
1610 425 1684 450 vo—

329 467 496 520 luptate
536 471 612 506 aut
651 463 802 505 dol'ore
844 470 918 504 aut
953 464 1082 506 simili
1123 465 1271 519 aliquo
1310 463 1467 506 affectu
1507 480 1558 507 ea
1599 479 1687 506 non

328 522 472 563 facere
512 535 564 563 ac
605 535 828 576 peragere.
889 521 953 561 At
983 521 1098 562 enim
1127 536 1230 563 vero
1263 536 1394 576 quum
1425 536 1480 563 ne
1511 521 1686 564 humani

331 577 506 633 quidem
555 577 735 633 opifices
775 591 908 632 opera
951 591 1030 619 sua
1069 576 1179 632 adeo
1219 577 1448 633 negligant
1487 585 1563 620 aut
1598 586 1686 619 tam

329 635 453 691 parvi
497 635 750 686 aestiment,
792 640 843 675 ut
879 648 1022 675 rerum
1062 633 1223 689 lenium
1254 642 1298 675 et
1329 634 1583 690 exiguarum
1613 649 1687 676 cu·

330 706 420 733 ram
451 690 560 732 nihil
589 690 644 731 ad
674 705 819 732 earum
850 690 1159 745 perfectionem
1193 697 1269 732 aut
1298 697 1555 745 perpetuam
1585 705 1688 742 con-

329 748 616 791 servationem
667 761 777 802 opus
819 761 913 789 esse
953 747 1223 798 existiment3
1270 748 1345 801 qui
1388 747 1565 789 tandem
1603 747 1687 789 diis

330 819 415 846 non
458 804 685 860 indignum
725 817 820 845 esse
861 803 1154 857 censebimus,
1197 804 1236 845 si
1277 818 1351 845 eos
1391 803 1505 846 ultro
1546 819 1686 846 rerum

329 861 615 902 humanarum
653 874 801 901 curam
841 859 1084 902 >identidem
1137 860 1423 902 intermittere
1471 860 1688 902 existime-

331 917 457 960 mus?
517 916 734 959 Nimirum
764 923 831 958 est
860 917 1056 972 profecto
1088 917 1220 958 huius
1249 916 1467 971 opinionis
1497 917 1688 973 indigni-

330 981 398 1015 tas
438 980 562 1014 tanto
604 973 763 1026 maior,
806 972 924 1027 quod
962 974 1024 1014 ita
1065 974 1158 1014 nati
1197 988 1347 1016 sumus
1379 973 1598 1027 homines,
1640 981 1690 1015 ut

330 1036 503 1086 praeter
542 1036 709 1071 ceteras
756 1030 998 1071 animantes
1047 1044 1195 1071 omnes
1237 1029 1290 1070 ad
1345 1029 1598 1085 religionem
1645 1037 1690 1071 et

329 1087 445 1143 piam
492 1093 749 1142 gratamque
802 1085 981 1127 deorum
1040 1086 1362 1128 venerationem
1422 1086 1529 1127 tacti
1591 1100 1688 1128 esse

329 1143 555 1185 videamur
593 1141 792 1197 adeoque
833 1143 876 1183 in
920 1142 1098 1184 deorum
1139 1158 1414 1184 numeremur
1459 1142 1688 1197 mancipiis

331 1201 403 1256 (p.
443 1202 539 1243 899.
583 1199 640 1240 D.
674 1223 724 1231 -
767 1200 863 1241 903.
903 1198 1001 1254 R).
1046 1223 1093 1230 -
1168 1201 1317 1253 Atque
1366 1199 1473 1241 haec
1514 1199 1688 1253 quidem

332 1271 465 1311 quum
496 1257 557 1297 ita
586 1270 681 1297 sese
712 1254 916 1309 habeant,
949 1270 1076 1297 nemo
1108 1256 1305 1310 profecto
1345 1255 1470 1297 facile
1499 1256 1687 1310 reperie-

332 1320 402 1354 tur
432 1313 583 1368 paullo
615 1311 850 1366 cordatior,
886 1313 958 1366 qui
990 1311 1244 1367 ponderatis
1275 1313 1474 1354 omnibus
1506 1314 1567 1354 rei
1598 1327 1687 1354 mo-

332 1370 489 1412 mentis
517 1369 622 1411 deos
641 1383 709 1411 res
728 1368 939 1410 humanas
962 1383 1113 1410 curare
1142 1383 1303 1424 negare
1334 1368 1506 1410 audeat.
1555 1367 1687 1422 Quod

332 1434 475 1469 autem
522 1426 646 1468 multi
690 1433 1019 1479 conqueruntur
1057 1424 1111 1466 de
1149 1425 1300 1479 iniqua
1340 1425 1562 1467 hominum
1601 1425 1687 1467 for-

331 1493 436 1525 tuna
468 1489 510 1524 et
541 1481 808 1534 conditione,
840 1497 926 1537 qua
956 1481 1081 1523 bonis
1113 1496 1242 1538 saepe
1273 1483 1384 1524 male
1416 1497 1466 1523 ac
1497 1482 1687 1524 vicissim

332 1540 455 1581 malis
499 1540 609 1581 bene
641 1539 719 1592 sit,
760 1537 964 1580 videntur
1003 1538 1246 1580 istiusmodi
1286 1539 1482 1581 homines
1516 1538 1688 1580 divinae

331 1595 636 1652 providentiae
683 1595 872 1637 rationes
931 1610 1084 1651 parum
1144 1595 1260 1652 apud
1322 1596 1511 1637 animum
1562 1610 1687 1637 suum

332 1652 628 1709 perpendisse.
698 1651 877 1708 Quippe
917 1658 1019 1693 sunt
1057 1652 1149 1694 sine
1192 1651 1325 1694 dubio
1365 1652 1510 1694 omnia
1550 1667 1576 1693 a
1605 1651 1687 1694 deo

331 1711 394 1752 ita
446 1716 674 1765 generata,
715 1709 778 1750 ita
818 1708 1059 1764 disposita,
1089 1708 1150 1749 ita
1191 1708 1382 1763 denique
1420 1716 1686 1765 comparata,

331 1773 381 1808 ut
417 1767 473 1807 ad
510 1766 646 1808 totius
692 1781 835 1807 rerum
882 1765 1179 1807 universitatis
1220 1765 1404 1807 salutem
1453 1764 1688 1807 iuvandam

333 1830 378 1866 et
396 1821 725 1866 sustentandam
748 1822 1068 1878 sapientissime
1088 1829 1373 1878 attemperata
1394 1822 1495 1864 sint.
1556 1821 1687 1875 Quod

333 1881 369 1922 si
399 1881 462 1921 ita
492 1887 574 1933 est,
605 1894 867 1935 magnopere
898 1895 1002 1921 sane
1034 1879 1263 1934 falluntur,
1294 1879 1368 1933 qui
1399 1879 1483 1921 sibi
1512 1893 1688 1934 persua-

332 1943 482 1980 serunt
523 1936 668 1979 omnia
705 1951 786 1978 sua
823 1936 1018 1991 ipsorum
1060 1951 1216 1978 caussa
1267 1950 1361 1978 esse
1403 1936 1606 1978 instituta
1645 1943 1689 1978 et

331 2000 511 2050 propter
550 2008 628 2035 sua
666 1993 893 2034 commoda
931 2008 1120 2047 suasque
1159 1993 1369 2035 utilitates
1407 1992 1491 2035 hoc
1515 1992 1583 2034 vel
1613 1992 1688 2035 illo

332 2050 461 2093 modo
501 2050 595 2091 fieri
635 2056 861 2105 oportere,
902 2050 964 2090 ita
1003 2057 1054 2091 ut
1093 2051 1222 2092 etiam
1249 2049 1531 2106 indignentur
1561 2049 1689 2092 mise·

333 2122 492 2161 rasque
530 2105 719 2148 fundant
761 2106 1076 2160 querimonias,
1139 2107 1174 2154 si
1230 2122 1315 2160 qua
1354 2106 1505 2148 vident
1544 2121 1687 2148 rerum

331 2179 506 2206 suarum
547 2177 720 2205 cursum
759 2178 846 2204 non
886 2162 1021 2204 fluere
1060 2163 1114 2204 ad
1157 2178 1278 2204 suam
1309 2163 1502 2218 ipsorum
1534 2162 1686 2204 volun-

332 2227 477 2262 tatem.
549 2218 782 2261 Enimvero
824 2234 925 2274 pars
969 2226 1084 2261 certe
1123 2226 1303 2275 propter
1344 2225 1482 2260 totum
1514 2234 1594 2261 nec
1623 2220 1686 2260 vi-

333 2277 479 2319 cissim
521 2282 661 2318 totum
713 2276 980 2332 singularum
1023 2277 1209 2331 partium
1258 2277 1400 2332 gratia
1448 2276 1591 2317 extitit
1643 2284 1686 2318 et

333 2333 670 2376 administratur.
745 2332 967 2386 Quocirca
1008 2332 1219 2387 quidquid
1259 2333 1386 2374 nobis
1417 2332 1601 2385 accidit,
1641 2333 1685 2374 id

332 2390 509 2433 credere
539 2393 603 2432 fas
637 2396 704 2432 est
733 2396 912 2446 propter
940 2390 1236 2433 universitatis
1278 2390 1466 2432 rationes
1497 2390 1557 2431 ita
1587 2405 1685 2431 eve-

332 2448 424 2489 nire
470 2454 600 2502 atque
641 2447 756 2488 illius
789 2447 1047 2502 perfectioni
1082 2453 1211 2500 atque
1242 2447 1369 2487 saluti
1404 2461 1499 2488 esse
1528 2461 1684 2488 conve-

333 2505 467 2546 niens.
541 2503 592 2544 Id
637 2503 755 2559 quod
794 2505 924 2545 etiam
965 2502 1018 2545 de
1059 2503 1212 2545 animi-s
1251 2503 1313 2545 ita
1343 2503 1578 2546 existimari
1611 2502 1684 2545 de-

334 2562 419 2603 bet.
490 2560 604 2602 Nam
647 2561 788 2603 anima
834 2575 965 2615 quum
1005 2561 1074 2602 vel
1123 2575 1200 2615 per
1248 2576 1293 2602 sc
1344 2560 1410 2602 vel
1451 2574 1528 2614 per
1577 2559 1684 2602 alios

333 2617 489 2659 multas
531 2617 686 2663 subeat
726 2624 768 2658 et
807 2617 1053 2674 experiatur
1104 2618 1364 2658 mutationes
1413 2617 1684 2672 maximaque.

332 2674 389 2716 sit
420 2674 689 2731 ingeniorum
723 2689 974 2729 morumque
1006 2674 1192 2715 varietas
1223 2690 1272 2715 ac
1304 2673 1558 2726 diversitas,
1590 2674 1685 2715 uni-

336 2731 447 2773 versi
496 2730 622 2772 huius
674 2733 827 2773 reatori
885 2737 924 2773 et
980 2731 1280 2785 gubernationi
1338 2731 1379 2771 in
1432 2729 1685 2772 ordinandis
