1781 2971
216 161 298 202 DE
334 159 611 202 LEGIBUS
643 159 761 202 LIB.
793 160 901 202 XII.
936 161 981 201 P.
1016 163 1111 203 966.
1146 162 1209 205 St.
1324 163 1407 202 4⁶29

62 282 133 321 καὶ
170 276 530 331 διαπεπονηκότα
569 276 681 332 πρὸς
715 276 856 328 αὐτα,
900 278 1001 332 μηδ’
1057 273 1112 321 αὖ
1163 281 1250 321 τῶν
1300 279 1411 336 πρὸς

58 345 224 401 ἀρετὴν
257 350 463 400 ὲγκρίτων
499 349 760 398 γι’γνεσῦαι;

162 415 264 456 ΚΛ.

60 483 176 523 αῦτα
222 480 364 536 ἀργὸν
410 478 435 532 ἢ
480 478 708 522 ἀδύνατον
752 478 1083 534 ἀποκρίνεσθαι
1131 479 1284 538 πόῤῥω
1322 483 1411 523 τῶν

334 418 514 456 Δίκαιον
546 414 671 466 γοῦν,
709 410 766 461 ὡς
805 414 947 464 λὲγεις,
982 413 1060 455 τὸν
1097 417 1194 468 περὶ
1227 412 1282 455 τά
1321 430 1409 456 τοι-

0 565 2 602 J
61 550 219 591 καλῶν.

164 616 261 658 ΑΘ.
319 607 436 668 Ἀρα
484 608 565 656 οὖν
607 614 753 667 ἴσμεν,
802 611 874 655 ὅτι
919 612 988 656 δύ’
1043 612 1171 656 ἐστὸν
1217 614 1274 656 τα)
1312 618 1410 670 περὶ

63 684 186 725 θεῶν
233 679 393 734 ἄγοντε
454 686 513 731 εὶς
559 687 726 730 πίστιν,
785 678 869 723 ὅσα
916 680 1168 736 διήλθομεν
1216 686 1261 724 ἐν
1318 691 1410 732 τοῖς

61 750 289 804 πρόσθεν;

164 817 262 858 ΚΛ.
340 816 483 865 Haza,-

165 884 261 924 ΑΘ.
320 879 398 922 Ἓν
433 886 536 933 μέν,
582 879 605 923 ὃ
644 883 739 936 περὶ
777 880 859 932 τὴν
895 879 1045 940 ψυχὴν
1081 883 1306 938 ἐλέγομεν,
1353 881 1410 932 ὡς

62 948 369 1004 npeossvtoetov
406 965 449 990 τε
487 951 560 990 καὶ
595 947 841 991 θειότατόν
878 952 965 991 ἐστι
1003 966 1206 1000 παντων,
1253 944 1314 991 ὧν
1350 953 1412 993 ui·
1444 955 1482 996 E

62 1033 185 1069 νησις
220 1023 382 1072 γένεσιν
420 1017 747 1070 παραλαβοῦσα
793 1014 958 1058 ἀεναον
995 1016 1152 1058 οὐσίαν
1186 1015 1407 1073 ἐπόρισεν·

60 1088 106 1126 ἓν
145 1087 187 1125 δε
227 1082 274 1126 τὸ
308 1100 401 1138 περι
441 1100 521 1134 την
559 1100 726 1140 <popam
775 1081 832 1132 ὡς
877 1086 960 1138 ,ἔχει
1000 1083 1181 1139 τάξεως,
1234 1085 1411 1139 ἄστρων

64 1169 106 1194 τε
146 1153 218 1193 καὶ
255 1149 370 1201 ὅσων
406 1146 549 1192 ἄλλων
586 1156 630 1203 ὲ)
636 1167 799 1205 κρατης
835 1153 940 1200 νοῦς
973 1153 1060 1193 ἐστὶ
1101 1151 1149 1194 τὸ
1189 1154 1281 1194 πᾶν
1317 1155 1410 1195 δια-

153 1306 192 1339 1),
241 1302 464 1335 (ἰδόντι-[ον
487 1302 830 1345 ἀποκρίνεσθαι]
860 1304 917 1335 Sic
944 1315 973 1335 v.
1001 1304 1029 1335 ὁ.
1059 1309 1094 1336 et
1119 1310 1206 1335 corr.
1234 1303 1279 1333 A.
1312 1299 1350 1333 Ω.
1378 1313 1407 1334 c.

66 1352 177 1392 Vulgo
206 1349 484 1391 ἀποκρίνασθαι,
512 1349 602 1390 quod
630 1348 787 1379 Selineid.
817 1349 967 1381 retinuit.
995 1351 1056 1381 sed
1082 1361 1113 1381 v.
1142 1345 1300 1388 explicat.

155 1397 193 1429 E.
245 1396 288 1427 1ο
322 1398 404 1426 πᾶν
440 1394 812 1436 διακεκοσμηκώς]
850 1395 909 1427 Sic
943 1400 980 1427 Α.
1014 1393 1050 1427 Ω.
1088 1406 1115 1429 v.
1150 1393 1171 1424 f.
1201 1404 1227 1424 Γ.
1255 1405 1285 1425 a.
1324 1404 1351 1425 C.
1379 1394 1408 1425 δ.

60 1458 89 1475 ο.
117 1453 147 1474 x.
179 1443 269 1475 Vett.
297 1442 392 1474 editt.
421 1441 734 1484 διακεκοσμημένος.

62 1556 113 1588 ad
141 1555 349 1587 virtutem
376 1556 573 1597 insignes
595 1555 703 1593 sint3

63 1603 200 1634 videtur
237 1602 324 1634 enim
367 1602 542 1645 ἐγκρίτων
585 1603 704 1642 legen-

64 1649 144 1680 dum
178 1659 276 1687 esse,
310 1648 403 1688 quod
441 1649 542 1680 etiam
571 1648 609 1678 C.
640 1646 701 1678 Fr.

64 1695 316 1727 Hermanno
364 1700 398 1726 et
441 1694 555 1726 Guil.
606 1693 701 1724 Din-

63 1741 210 1773 dorfio
242 1740 346 1771 Thes.
382 1741 504 1781 Steph.
543 1740 595 1771 ed.
622 1740 700 1771 Par.

63 1788 105 1820 T.
135 1787 204 1821 ΙΙΙ.
232 1797 264 1826 p.
293 1787 370 1821 107.
404 1788 435 1818 iu
463 1791 612 1818 mentem
640 1796 701 1817 ve—

62 1834 122 1865 nit.
176 1832 325 1865 Verbum
353 1834 514 1876 ἐγκρίνειν
546 1832 701 1864 admit—

63 1878 186 1911 tendi
227 1883 262 1910 et
301 1879 510 1919 probandi
547 1879 575 1910 vi
611 1878 702 1919 posi—

62 1931 136 1956 tum
178 1923 220 1955 nd
253 1923 349 1956 Libr.
385 1924 444 1955 Xl.
481 1936 512 1966 p.
546 1925 624 1958 936.
660 1926 699 1955 Α.

63 1971 141 2003 Xll.
169 1981 202 2012 p.
217 1969 296 2003 952.
314 1971 358 2001 A.
387 1971 591 2002 notavimus.
623 1970 701 2001 Eu-

65 2017 142 2058 rip.
187 2016 291 2048 Herc.
336 2015 402 2047 fur.
440 2026 470 2047 v.
512 2016 589 2050 183.
634 2013 700 2046 τίν’

63 2059 163 2104 ἄνδρ’
192 2060 335 2103 ἄριστον
359 2062 544 2104 ἔγκρίναιεν
569 2063 627 2101 ἇνς

111 2108 152 2139 D.
200 2107 533 2150 ἀποκρίνεσθαι
560 2106 702 2150 πόρ’ῥω

63 2157 139 2186 τῶν
164 2153 324 2194 καλῶν]
357 2154 471 2195 Vulgo
505 2164 581 2186 cum
609 2153 703 2186 libris

64 2200 237 2242 plerisque
255 2200 414 2231 omnibus
430 2201 588 2232 scribitur
615 2198 704 2230 a'no-

63 2247 260 2286 κρίνασθαι.
309 2245 379 2278 Sed
406 2247 498 2278 verbi
526 2246 626 2278 medii
653 2246 704 2275 vis

65 2296 101 2324 et
131 2295 289 2332 potestas
324 2302 493 2333 quaenam
534 2292 584 2324 liic
626 2302 704 2323 esse

66 2337 196 2379 possit,
236 2337 326 2369 haud
356 2348 438 2370 sane
470 2338 704 2379 intelligimus.

66 2383 195 2415 Verum
224 2387 277 2415 est
301 2383 401 2415 unice
436 2380 703 2426 α’ποκρίνεσθαι,

64 2429 157 2470 quod
192 2439 232 2460 ex
260 2428 361 2460 codd.
394 2430 526 2471 aliquot
560 2440 704 2461 revoca-

66 2480 136 2507 turn
166 2479 231 2507 est,
278 2475 444 2507 Iustum
471 2480 552 2514 est,
583 2477 702 2516 inquit.

66 2523 200 2553 talem
236 2520 443 2553 hominem
471 2523 624 2563 procul
651 2522 703 2553 ab

67 2565 268 2599 honestis
312 2568 456 2599 arceri
492 2578 539 2599 ac
570 2578 703 2600 remo·

69 2613 173 2644 veri.
221 2613 379 2645 Ridicule
411 2614 498 2645 enim
523 2612 702 2656 ἀποκρίνε-

66 2661 154 2690 σθαι
201 2658 429 2691 reddiderunt
476 2659 702 2701 interpretes·

68 2705 343 2748 respondere.

113 2749 152 2781 Ε.
203 2750 393 2791 πάντων,
432 2753 484 2783 ὤν
532 2751 702 2792 κίνησις

772 1558 935 1595 γένεσιν
969 1553 1024 1596 τι]
1065 1553 1269 1592 omnium,
1310 1562 1411 1593 quo-

772 1610 859 1632 rum
893 1604 1032 1632 motus
1071 1605 1212 1632 ortum
1250 1603 1411 1630 nactus

773 1646 1029 1688 procreavit
1067 1649 1325 1687 perpetuam
1369 1649 1412 1677 et

773 1703 946 1733 semper
971 1693 1183 1724 fluentem
1219 1695 1411 1722 naturam

771 1743 905 1780 atque
930 1737 1095 1770 οὕσίαν.
1144 1737 1344 1777 Respicitur
1368 1736 1411 1768 ad

770 1787 884 1817 locum
918 1784 995 1816 libri
1029 1783 1072 1815 X.
1109 1795 1140 1825 p.
1174 1782 1253 1817 893.
1283 1786 1307 1814 Α
1336 1793 1410 1824 sqq.

771 1841 880 1872 usque
909 1830 951 1862 ad
979 1841 1012 1872 p.
1037 1830 1116 1864 896.
1144 1830 1182 1861 C.
1212 1829 1303 1861 unde
1327 1828 1411 1860 llaec

771 1888 867 1909 suam
885 1876 1009 1908 liabent
1025 1876 1305 1918 explicationem.
1324 1874 1410 1907 Nam

769 1923 893 1954 α’έυαον
924 1923 1015 1954 haud
1042 1922 1144 1954 dubie
1176 1933 1216 1954 ea
1244 1921 1409 1963 significa-

773 1970 867 2001 tione
907 1969 1053 2009 positum
1095 1971 1168 2006 est,
1206 1977 1273 2007 qua
1311 1977 1410 2008 repe-

772 2016 857 2046 ritur
882 2014 971 2055 apud
1006 2012 1233 2045 Iamblicli.
1275 2011 1412 2044 Adhor-

772 2066 833 2093 tat.
858 2060 901 2091 ad
931 2058 1125 2101 philosoph.
1152 2069 1181 2090 c.
1205 2058 1248 2090 X.
1277 2069 1310 2100 p.
1330 2058 1411 2092 292.

773 2107 827 2140 ed.
860 2106 992 2138 Kiessl.
1032 2102 1052 2135 ὃέ
1092 2103 1252 2146 εὐλογίαν
1293 2103 1410 2147 (ἔχει)

770 2152 893 2184 ἀέναον
916 2151 970 2182 καὶ
994 2148 1048 2183 αἐὶ
1072 2151 1189 2189 ζῶσαν.

820 2197 865 2230 ’ιό
907 2197 1006 2239 περὶ
1042 2195 1119 2237 τὴν
1158 2195 1317 2238 φορόν,
1359 2194 1412 2232 ὦς

775 2246 862 2285 ἕχει
902 2243 954 2286 τ.]
1005 2243 1184 2275 Pertinent
1221 2242 1287 2274 huc
1323 2252 1412 2283 quae

773 2291 869 2322 Libr.
900 2291 943 2322 X.
980 2300 1013 2330 p.
1047 2289 1125 2323 896
1153 2288 1190 2320 C.
1228 2298 1335 2329 usque
1368 2287 1410 2319 ad

773 2349 806 2379 p.
838 2337 916 2392 899.
952 2335 992 2367 D.
1030 2336 1207 2377 disputata
1240 2336 1410 2376 leguntur

773 2402 817 2406 —
856 2381 964 2414 ὅσων
1012 2381 1149 2413 αλλων
1197 2378 1411 2422 ἐγκρατὴς

773 2431 878 2463 νοῦς
900 2428 1009 2471 ἐστί,
1048 2432 1088 2459 et
1114 2436 1411 2468 quaecunque

774 2479 1011 2516 praeterea
1051 2483 1170 2505 mens
1211 2473 1332 2514 regit
1363 2483 1409 2504 ac

771 2521 1294 2562 guberuat,quumrer·um
1324 2519 1407 2550 uni-

771 2567 1028 2598 versitatem
1063 2564 1339 2597 ordinaverit
1364 2576 1409 2596 ae

772 2612 1063 2650 disposuerit.
1122 2611 1242 2643 Verbo
1291 2610 1408 2642 διακο-

770 2662 863 2702 σμεῖν
900 2659 931 2690 in
963 2657 1084 2690 eadem
1115 2667 1152 2689 re
1190 2667 1289 2689 usum
1330 2667 1409 2689 esse

773 2710 1013 2745 Anaxagoram
1042 2704 1317 2745 Clazomenium,
1350 2712 1407 2734 cu-

769 2751 823 2783 ius
849 2750 991 2793 vestigia
1017 2750 1099 2792 legit
1126 2749 1239 2791 Plato,
1270 2748 1407 2782 aliunde
