1781 2971
270 170 355 211 DE
388 167 665 211 LEGIBUS
701 168 817 209 LIB.
852 167 960 209 ΧΠ.
994 167 1040 208 P.

96 284 162 315 que
192 285 229 306 ea
261 272 555 310 examinabimus,
583 280 670 311 quae
696 280 736 301 ex·

96 320 159 351 lnoc
199 329 327 359 genere
355 318 446 360 apud
476 318 655 349 Platonem
685 327 737 347 re-

94 366 282 406 periuntur.
324 365 414 396 Sunt
437 368 550 396 autem
568 368 641 394 tres
657 361 736 393 Pla—

96 412 186 442 tonis
214 412 300 450 loci,
335 411 365 442 in
398 411 519 450 quibus
545 408 735 441 secundum

95 457 234 488 codices
260 456 460 488 insolentior
486 456 554 487 ista
575 457 734 486 constru-

95 503 161 535 ctio
188 502 375 543 reperitur:
404 511 490 532 tinus
516 502 564 540 is,
597 501 640 532 de
666 509 735 540 quo

94 558 182 580 nunc
206 549 333 587 agitur,
357 548 445 579 alter
479 547 585 588 legg.
614 546 677 576 VI.
704 555 734 586 p.

96 595 173 628 761.
210 593 270 632 Q,
306 594 431 625 tertius
465 593 519 624 De
553 591 643 632 Rep.
671 592 735 622 IX.

95 652 125 682 p.
162 640 241 674 579.
276 639 316 670 D.
376 638 462 671 Nam
498 643 656 678 quartum
701 641 735 668 et

93 685 249 727 (1011110111
287 685 417 724 Cratyl.
453 695 484 726 p.
517 683 597 717 425.
626 683 665 715 D.
693 693 733 714 ac

96 731 243 764 Phaedr.
277 741 309 772 p.
345 730 423 763 234.
463 729 502 761 C.
540 739 607 761 non
647 729 732 759 satis

94 782 225 809 certum
254 787 332 808 esse
359 780 532 818 putamus,
566 776 638 815 ipsa
671 784 729 805 co-

95 824 206 855 dicum
241 823 410 853 varietate
446 830 597 853 errorem
635 830 736 861 argu-

94 874 185 900 ente.
213 869 262 901 De
287 873 388 899 sexto
420 872 536 899 autem
566 876 596 896 v.
631 876 738 907 snpra

95 926 125 956 p.
160 915 237 949 952.
271 913 310 945 B.
377 913 427 944 De
459 912 603 955 singulis
637 912 738 953 igitur

95 961 213 992 ordine
251 959 415 1000 deinceps
458 960 577 1000 paucis
617 958 736 998 dispu-

96 1014 170 1039 tare
193 1008 316 1047 placet.
351 1005 397 1036 Et
425 1015 462 1035 ea
481 1003 632 1045 quidem,
650 1013 737 1044 qnae

96 1054 160 1084 hoc
195 1053 271 1084 loro
305 1051 496 1092 perscripta
529 1055 627 1090 sunt,
653 1048 737 1080 lianc

95 1099 224 1130 habent
243 1097 448 1129 sententiam
465 1109 471 1127 :
488 1096 506 1127 d
520 1107 537 1128 e
564 1099 735 1127 mortuo

95 1149 255 1183 nutem,
296 1144 391 1175 sive.
427 1143 505 1174 ille
546 1152 633 1173 mas
672 1141 735 1172 sit

94 1191 190 1222 sive
229 1189 405 1230 femina,
451 1198 563 1229 quae
610 1189 734 1218 iusta

96 1236 183 1267 diis
215 1236 380 1267 inferis
414 1244 460 1265 ac
497 1232 733 1265 terrestri-

95 1284 175 1313 lxus
204 1280 398 1323 persolvi
426 1283 653 1321 oporteat,
680 1278 733 1309 in-

94 1333 318 1369 terpretes
359 1326 622 1366 religionum
666 1323 734 1355 lna-

94 1375 226 1405 bento
266 1371 493 1404 iudicandi
534 1374 735 1412 potesta-

95 1426 188 1451 tem.
236 1419 337 1452 Quae
359 1416 602 1458 interpretatio
621 1416 647 1446 si
676 1426 731 1447 ve

94 1476 129 1498 ra
170 1469 243 1504 est,
294 1463 478 1496 absurdam
523 1473 601 1494 esse
638 1465 738 1515 patet

94 1511 325 1543 eonifflturam
370 1509 487 1541 Astii
531 1503 571 1548 ἦν
617 1518 679 1550 pro
714 1502 735 1547 ᾖ

95 1556 275 1598 tenendum
309 1556 478 1597 putantis,
513 1558 550 1585 nt
577 1554 736 1594 profecto

96 1604 260 1635 miremur
296 1601 504 1632 'suricenses
552 1609 625 1631 eam
667 1609 734 1630 non

94 1648 308 1680 dubitavisse
346 1648 420 1679 sine
459 1647 529 1677 nlla
571 1646 733 1677 librorum

93 1695 299 1726 auctoritate
331 1693 467 1724 Platoni
483 1693 644 1723 continuo
673 1691 734 1722 ol)-

97 1741 250 1772 trudere.
308 1738 384 1771 Non
421 1739 508 1770 enim
548 1742 629 1778 apte
663 1737 736 1768 coit

94 1797 169 1818 enm
209 1785 366 1817 universa
412 1785 588 1816 sententia
625 1782 735 1814 istud:

94 1833 191 1863 sive
226 1832 298 1864 ille
333 1841 420 1862 mas
452 1831 541 1861 sive
574 1829 735 1860 femina

94 1881 194 1910 erat.
246 1876 316 1908 Sed
344 1876 559 1916 quaesivisse
591 1874 737 1913 iuvabit,

94 1933 154 1954 cur
190 1921 415 1963 philosophus
452 1931 518 1952 11011
558 1920 740 1961 scripserit

97 1970 234 2010 potius:
261 1967 321 1999 ἐάν
348 1979 435 1998 ιε-
453 1965 514 1998 ἐάν
541 1977 583 1997 τε.
635 1965 737 1999 Quod

95 2013 245 2055 quidem,
270 2014 297 2045 si
314 2023 393 2044 vera
421 2016 499 2044 sunt
524 2022 610 2053 quae
636 2021 740 2052 supra

97 2060 362 2101 disputavimus,
392 2059 566 2099 explicare
594 2067 659 2089 11011
688 2061 741 2088 est

94 2106 182 2138 adeo
199 2105 349 2141 difficile.
377 2103 462 2136 Nam
480 2101 538 2135 ἐάι
567 2114 656 2134 τε-
678 2100 739 2133 ἑάι

96 2163 129 2183 τε
159 2152 287 2193 posito,
314 2160 436 2182 sensus
469 2150 636 2182 existeret
667 2147 738 2179 hie:

95 2198 192 2229 sive
223 2197 315 2238 quis
349 2206 424 2238 pro
461 2205 600 2227 rerum
637 2204 738 2226 con-

94 2241 268 2275 ditione
319 2253 365 2273 ac
410 2240 602 2284 fortuito
651 2249 738 2270 mas

95 2288 188 2320 sive
213 2288 372 2320 femina
400 2287 478 2327 sit,
505 2297 553 2318 sc.
580 2286 638 2327 qui
663 2294 736 2317 mo-

95 2334 214 2366 riatur.
271 2333 379 2373 Atqui
412 2343 486 2365 mas
525 2342 567 2364 an
610 2331 738 2363 femina

96 2379 140 2410 sit
165 2379 220 2420 qni
248 2379 432 2418 moriatur,
469 2377 501 2409 id
528 2377 668 2410 minime
697 2386 739 2408 ex

95 2425 226 2457 caussis
257 2423 409 2456 fortuitis
443 2427 479 2455 et
505 2423 656 2455 externis
682 2432 738 2452 su-

95 2479 260 2511 spensum
299 2474 362 2502 est.
426 2468 549 2509 Itaque
589 2468 740 2509 scriptor

96 2516 269 2556 aliquanto
301 2514 459 2546 subtilius
497 2513 582 2545 dixit
606 2513 671 2544 εἴτε
696 2531 736 2536 -

97 2562 178 2601 εἴτε,
221 2560 284 2593 hoc
325 2560 480 2591 nimirum
524 2558 737 2600 significans:

97 2607 190 2639 sive
220 2604 384 2649 prov-ei
422 2602 564 2646 ipsius
589 2604 738 2644 sacul-

95 2655 184 2684 tate
223 2652 313 2690 sive,
343 2653 388 2682 ut
421 2648 638 2691 reiipsius
662 2659 736 2680 na-

95 2700 193 2729 tura
210 2675 324 2738 feri,
352 2705 439 2728 mas
467 2695 526 2725 sit
551 2695 646 2726 sive
673 2694 738 2726 fe.-

95 2742 230 2782 mina,
266 2741 336 2783 qui
383 2741 609 2773 moriatur.
668 2740 735 2772 Ve—

144 2798 233 2830 Plat.
260 2798 348 2840 Opp.
378 2797 454 2831 vol.
484 2796 526 2830 X.
554 2797 648 2829 Sect.
677 2796 738 2828 111.

1077 168 1170 209 085.
1204 168 1268 210 st
1366 169 1445 209 401

811 281 884 302 111111
920 270 1003 302 llaec
1037 270 1224 312 explieatio
1259 281 1301 302 ne
1352 281 1447 303 mero

805 317 949 348 arbitrio
972 318 1088 358 posita
1104 327 1180 349 esse
1196 317 1365 355 videatur,
1382 327 1446 358 age.

802 365 903 394 etiam
928 364 1015 394 alios
1044 364 1137 394 locos
1166 362 1441 402 consideremus,

805 408 859 439 ubi
893 408 926 440 εἰ
953 409 1170 440 coniunctivo
1211 410 1443 441 consociatum

806 459 869 484 est.
935 455 1122 486 Videamus
1157 455 1262 495 igitur
1293 455 1335 485 de
1369 456 1447 486 loco

807 499 915 541 Legg.
954 501 1007 532 Vl.
1040 511 1071 540 p.
1105 500 1184 553 ’761ζ
1219 502 1261 531 C:
1296 497 1448 541 ὑδρείαις

807 556 838 576 τε
864 542 951 576 καθ’
978 544 1123 580 ἑκάστας
1151 543 1209 576 τοὶς
1236 543 1337 585 ὥρας,
1364 548 1399 577 εἴ
1420 558 1447 577 τι

805 602 873 622 που
903 590 1006 623 ἄλσος
1048 589 1067 633 ἢ
1102 591 1239 630 τέμειος
1266 593 1339 632 περὶ
1367 592 1445 623 ταῦ-

805 649 842 668 τα
868 634 1047 679 aretlwue'mr
1074 633 1104 677 ᾗ,
1131 636 1168 668 τὰ
1190 634 1337 679 ῥεύματα
1363 635 1444 677 α’ᾳι-

802 683 895 715 ἔπιες
932 682 981 714 εἰς
1031 680 1117 714 αὐτὰ
1164 695 1199 714 τα
1244 686 1309 714 τοῖν
1349 684 1447 715 θεῶν

801 727 873 767 ιερὰ
904 740 1088 769 κοσμωσιν.
1146 730 1197 760 Ibi
1231 739 1313 760 vero
1344 740 1444 770 aper-

798 781 868 806 tum
906 779 960 807 est
994 775 1138 808 eandem
1174 776 1284 806 locum
1321 774 1446 807 habere

807 821 999 860 rationem‚
1026 831 1126 862 qnam
1161 821 1266 852 modo
1294 820 1447 852 declara-

808 867 929 898 ximus.
979 867 1066 899 Nam
1090 867 1199 900 istud:
1228 868 1259 898 si
1287 867 1352 907 qui
1383 869 1445 898 lu-

808 922 883 944 cus
934 913 994 945 vel
1053 923 1157 954 ager
1198 912 1259 944 ibi
1295 923 1445 944 conse—

808 963 953 990 cratus
989 959 1064 999 sit,
1098 958 1265 999 signifieat
1301 959 1446 999 aliquid,

806 1004 897 1044 qnod
925 1014 986 1045 per
1013 1015 1050 1036 se
1076 1009 1112 1036 et
1140 1009 1259 1035 natura
1290 1015 1349 1035 sua
1373 1005 1447 1035 fieri

809 1054 937 1092 potest,
965 1060 1027 1081 nec
1057 1059 1141 1082 vero
1173 1060 1214 1080 ex
1229 1050 1370 1081 aliarum
1392 1060 1446 1081 re.—

804 1106 879 1128 rum
907 1106 996 1128 nexu
1021 1100 1230 1136 externaque
1249 1095 1447 1127 conditione

805 1141 944 1184 pendet.
1018 1141 1096 1173 Hoc
1142 1142 1228 1172 enim
1275 1142 1301 1172 si
1340 1146 1446 1174 esset.

804 1188 978 1220 sententia
1019 1187 1108 1219 foret
1147 1187 1245 1219 llaec:
1301 1187 1332 1217 si
1378 1188 1444 1227 qui

805 1244 880 1275 pro
926 1243 1068 1266 rerum
1110 1232 1366 1265 condicione
1409 1236 1449 1264 et

805 1290 913 1311 casu
949 1282 1081 1310 lucus
1113 1280 1170 1310 sit
1207 1279 1258 1309 ibi
1287 1289 1446 1311 conse-

806 1329 968 1356 cratus.
1022 1325 1122 1365 Atqui
1148 1325 1196 1356 rei
1224 1325 1360 1356 aliunde
1389 1334 1445 1355 su·

805 1381 952 1411 sponsae
995 1380 1082 1401 nunc
1125 1380 1191 1402 non
1244 1370 1280 1401 fit
1317 1370 1446 1411 signifi-

806 1417 915 1452 catio,
956 1416 1017 1448 sed
1052 1415 1115 1447 hoc
1150 1416 1265 1457 potius
1300 1415 1446 1448 dicitur:

806 1462 945 1502 siqui
986 1462 1042 1493 ibi
1076 1463 1203 1493 lucus
1235 1463 1311 1493 ‘vel
1344 1470 1448 1502 ager

806 1508 865 1538 sit
904 1513 1213 1546 consecratus,
1261 1506 1303 1538 id
1342 1506 1449 1549 quod

804 1563 878 1595 per
902 1563 940 1585 se
968 1552 1115 1594 utique
1144 1563 1296 1584 revera
1319 1551 1448 1584 locum

803 1598 962 1631 habere
985 1602 1139 1641 potest.
1188 1599 1261 1629 Iam
1292 1608 1371 1629 vero
1401 1607 1444 1628 ex

804 1646 855 1676 his
890 1645 1031 1676 iudicari
1063 1646 1164 1676 etiam
1200 1644 1345 1686 poterit,
1369 1642 1447 1684 quid

803 1690 1024 1723 statuendum
1065 1691 1108 1722 sit
1146 1690 1187 1721 de
1221 1690 1323 1722 tertio
1357 1690 1448 1725 loco,

803 1747 904 1777 quem
931 1736 1171 1768 indicavimus:
1204 1735 1306 1777 Reip.
1336 1734 1397 1766 IX.
1415 1745 1448 1775 p.

804 1783 846 1816 57
851 1782 882 1815 9.
913 1782 958 1816 D:
995 1782 1083 1812 ἔστιν
1118 1780 1184 1822 ἄρα
1216 1782 1254 1821 τῇ
1290 1778 1447 1823 ἀληθείᾳ,

807 1825 869 1859 ncc'ae
901 1826 934 1859 ει
963 1826 1007 1869 μή
1040 1839 1084 1859 τω
1115 1826 1220 1867 δοκῇ,
1255 1822 1273 1858 ὁ
1301 1839 1345 1858 τι)
1375 1824 1447 1857 &zu

807 1872 977 1915 τύραννος
993 1874 1038 1916 τῷ
1055 1872 1095 1905 ὅ]
1100 1885 1127 1904 τι
1142 1872 1281 1904 δοῦλος.
1307 1862 1449 1913 Quippe

806 1919 899 1951 istud
927 1916 990 1950 κᾶν
1015 1918 1048 1950 εἰ
1075 1917 1119 1959 μή
1148 1930 1191 1961 τῳ
1217 1917 1305 1959 δοκῇ
1328 1919 1359 1949 111
1388 1919 1449 1949 tali

806 1964 945 2006 quidem
1006 1965 1253 1996 sententiarum
1314 1963 1449 1995 ratione.

808 2010 1066 2051 haudquaquam
1102 2010 1232 2040 indit-at
1272 2019 1342 2040 rem
1384 2008 1448 2039 ali-

807 2066 921 2097 quam,
942 2065 1029 2096 quae
1044 2060 1168 2087 natura
1186 2065 1246 2086 sua
1273 2055 1346 2086 fieri
1366 2063 1449 2094 qne-

805 2107 852 2141 at,
879 2102 924 2133 ita
951 2108 986 2132 ut
1015 2104 1046 2132 in
1073 2111 1115 2132 ea
1134 2099 1334 2142 peragenda
1359 2100 1451 2132 nulla

807 2156 948 2189 prorsus
974 2156 1087 2178 rerum
1114 2151 1331 2178 externarum
1361 2146 1448 2177 ratio

806 2192 965 2225 ducenda
996 2193 1049 2224 sit.
1106 2191 1189 2224 Eius
1227 2192 1318 2223 enim
1351 2191 1448 2231 eogi-

806 2240 973 2271 tationem
1018 2242 1116 2279 patet
1162 2247 1240 2269 esse
1287 2236 1446 2268 alienam.

809 2286 930 2326 ltaque
956 2280 997 2314 ἂν
1023 2285 1056 2316 111
1083 2280 1146 2314 κᾶν
1170 2282 1318 2325 pertinet
1344 2283 1449 2314 alior-

807 2341 904 2370 sum,
951 2329 1051 2361 sicuti
1092 2333 1174 2370 post
1217 2327 1448 2359 Buttman-

809 2386 903 2408 num
940 2374 1157 2407 ostendimus
1188 2373 1233 2404 ad
1276 2371 1448 2404 Phaedon.

808 2433 839 2464 p.
876 2421 929 2455 71.
967 2421 1005 2452 B.
1041 2430 1105 2451 nec
1140 2419 1287 2450 dubitari
1319 2422 1450 2460 potest,

807 2468 889 2509 quin
915 2471 977 2497 aut
1002 2466 1097 2496 δοκεῖ
1122 2468 1183 2496 aut
1214 2462 1319 2494 δοκοῖ
1345 2474 1448 2506 repo·

808 2512 952 2544 nendum
989 2512 1044 2545 sit.
1094 2509 1164 2541 Sed
1195 2508 1379 2542 redeamus
1406 2509 1450 2542 ad

807 2558 854 2593 id.
889 2556 981 2588 unde
1015 2556 1206 2600 paullulum
1233 2554 1448 2587 defleximus.

810 2606 962 2645 Apparet
993 2602 1098 2643 igitur
1124 2611 1164 2632 ex
1191 2601 1250 2641 iis,
1282 2611 1369 2642 qnae
1395 2601 1446 2632 di-

807 2650 938 2688 ximus,
988 2647 1067 2687 quid
1114 2656 1239 2688 prosae
1280 2647 1448 2678 orationis

807 2695 995 2735 scriptores
1028 2694 1061 2725 in
1102 2701 1166 2724 usu
1207 2693 1275 2723 isto
1307 2692 1448 2723 coniun-

807 2741 888 2772 ctivi
927 2735 971 2771 ἄν
1003 2739 1170 2780 particula
1203 2737 1361 2770 destituti
1395 2747 1448 2768 se-

1111 2795 1164 2836 26
