1781 2971
243 151 327 193 DE
361 150 632 195 LEGIBUS
666 149 785 192 mss.
815 149 923 192 ΧΠ.
958 150 1005 196 Ρ,
1038 152 1131 193 948.
1169 149 1231 194 st.
1337 116 1420 192 v307

73 272 211 324 κρίσιν
249 269 335 310 τῶν
370 269 501 311 δικῶν
547 265 674 319 ἄξιον
708 264 931 321 ἄγασθαι,
969 266 1078 310 διότι
1115 270 1284 311 κατεῖδε
1319 268 1424 318 τούς

73 335 173 378 τότε
197 335 476 389 ἀνθρώπους
510 333 778 390 ἡγουμένους
813 337 1007 390 ἐναργῶς
1029 334 1141 378 εἶναι
1175 335 1326 386 θεούς,
1366 340 1423 378 εὶ-

74 402 230 452 κότως.
277 400 356 445 ἅτε
401 400 514 445 κατὰ
568 400 646 444 τὸν
692 401 792 444 τότε
835 402 1002 456 χρόνον
1037 404 1125 444 τῶν
1170 405 1344 445 πολλῶν
1379 408 1424 446 ἐκ

73 471 198 512 θεῶν
233 466 397 519 ὄντων,
445 462 506 510 ὧν
551 467 610 518 εἷς
645 461 699 520 ἦν
735 468 896 522 αὐτός,
943 467 1001 518 ὥς
1035 485 1081 520 γε
1123 468 1268 523 λόγος.
1315 475 1425 513 ἔοικε

73 536 126 586 δὴ
165 538 344 595 δικαστῇ
378 537 457 589 μὲν
492 534 755 590 ἀνθρώπων
793 534 937 578 οὐδενὶ
978 535 1294 590 διανοούμενος
1334 539 1424 580 δεῖν

73 607 336 658 ἐπιτρέπειν,
385 605 513 651 θεοῖς
550 604 614 651 δὲ,
662 600 778 658 ὅθεν
812 600 954 644 ἁπλαῖ
989 604 1060 644 καὶ
1101 611 1267 657 ταχεῖαι
1307 605 1424 646 δίκαι

73 668 286 724 ἐκρίνοντ’
344 668 490 723 αὐτῷ·
529 668 679 718 διδοὺς
720 667 804 724 γὰρ
842 670 936 723 περὶ
985 667 1180 712 ἑκάστων
1217 671 1305 712 τῶν
1340 669 1423 724 ἀμ-

73 737 432 794 ᾳιςβητουμὲνων
474 733 610 790 ὅρκον
656 743 748 784 τοῖς
793 734 1149 791 άμᾳιςβητοῦσιν
1194 735 1418 788 ἀπηλλάτ-

72 819 171 845 τετο
211 802 319 858 ταχὺ
352 805 423 845 καὶ
459 800 684 859 ἀσφαλῶς.
721 803 802 844 νῦν
826 804 870 844 δὲ
908 800 981 844 ὅτε
1007 801 1060 853 δὴ
1098 807 1228 858 μέρος
1263 808 1340 859 μέν
1370 806 1421 854 τί,

165 910 205 942 C.
254 911 329 941 νῦν
363 908 406 941 δὲ
439 907 512 941 ὅτε
548 908 597 951 δὴ
633 910 775 951 μέρος]
827 910 870 941 V.
897 910 961 941 νῦν
991 909 1027 941 δὲ
1053 909 1094 952 δὴ
1121 908 1177 942 ὅτε
1202 922 1233 951 μ.
1260 913 1353 953 quod
1383 922 1423 943 ex

73 967 183 997 marg.

74 1050 252 1081 universo.
300 1047 423 1079 Restat
447 1052 485 1078 ut
511 1047 554 1078 de
567 1045 716 1086 singulis

75 1094 319 1134 explicandum
345 1095 401 1124 sit.
428 1093 551 1134 Itaque
567 1093 716 1133 primum

76 1140 217 1180 quidem
250 1140 293 1171 de
326 1140 443 1171 verbis
480 1139 554 1180 περὶ
581 1135 641 1179 τὴν
666 1138 716 1168 λε-

76 1185 226 1226 γομένην
251 1187 362 1226 κρίσιν
389 1185 454 1216 τῶν
480 1183 584 1216 δικῶν
608 1194 718 1224 nuper

75 1237 172 1263 mota
195 1236 248 1263 est
273 1232 534 1271 controversia,
561 1231 718 1272 quando·

77 1278 215 1319 quidem
242 1278 401 1309 Astius
430 1277 505 1319 περὶ
532 1276 717 1308 delendum

78 1325 234 1364 censuit,
286 1324 718 1356 Winckelmanus

76 1375 193 1402 autem
220 1366 257 1400 τὰ
271 1374 352 1401 ante
371 1371 446 1411 περὶ
473 1368 533 1411 τὴν
558 1370 584 1400 λ.
611 1369 719 1399 inseri

76 1417 191 1448 iussit.
239 1416 292 1447 De
318 1427 386 1457 qua
401 1427 438 1447 re
451 1417 554 1447 nobis
575 1415 718 1446 omnino

78 1473 177 1495 secus
236 1462 396 1501 videtur,
441 1467 564 1502 utpote
613 1460 720 1491 verba

77 1510 217 1549 integra
239 1518 316 1539 esse
334 1509 552 1549 putantibus.
578 1506 720 1538 Etenim

78 1553 232 1596 ἄγασθαι
259 1564 336 1585 cum
357 1555 514 1595 genitivo
546 1562 720 1594 personae

78 1602 184 1633 etiam
209 1600 342 1641 absque
358 1601 555 1632 accusatiso
572 1600 623 1630 rei
638 1609 719 1630 con-

79 1648 169 1679 strui
199 1647 313 1677 solere
343 1657 415 1678 non
447 1652 500 1678 est
530 1645 624 1687 quod
657 1645 719 1675 du·

78 1695 186 1731 bites3
239 1693 281 1723 de
329 1703 398 1733 quo
446 1691 720 1724 constructionis

80 1747 209 1780 genere
236 1749 269 1769 v.
295 1737 520 1771 Ruhnken.
537 1748 569 1778 p.
587 1736 620 1771 4.
642 1747 718 1778 sqq.

79 1784 307 1817 Matthiae.
335 1783 396 1815 Gr.
416 1783 459 1816 G.
486 1785 514 1825 ξ.
533 1783 612 1817 317.
640 1793 721 1814 ann.

80 1836 115 1863 et
141 1834 262 1862 nostra
285 1831 330 1862 ad
350 1831 458 1871 Hipp.
482 1831 563 1861 mai.
591 1840 624 1870 p.
641 1828 718 1862 291.

80 1877 124 1908 E.
154 1876 330 1908 Nimirum
354 1887 410 1908 res
435 1877 518 1908 inde
541 1876 647 1906 habet
663 1885 721 1906 ex-

81 1923 329 1964 plicationem,
373 1922 469 1976 quod
513 1921 641 1952 talibus
685 1921 722 1951 in

81 1969 170 2000 loeis
202 1968 297 2008 quod
333 1977 395 2008 per
431 1963 494 2003 ὠς,
529 1964 589 2003 ὅτι,
627 1963 723 2002 διότι,

83 2014 308 2054 subiungitur
332 2014 562 2053 enuntiatum,
588 2013 624 2043 id
649 2013 722 2044 fere

84 2061 212 2092 obiecti
246 2059 383 2091 vicibus
420 2059 590 2099 fungitur.
643 2058 724 2090 Jam

84 2117 167 2138 vero
193 2105 270 2146 περὶ
301 2103 362 2146 τὴν
395 2105 579 2147 λεγομένην
613 2106 724 2145 κρίσιν

85 2157 151 2184 est:
179 2151 295 2193 quod
320 2153 514 2192 pertinet
529 2151 582 2182 ad
607 2160 724 2181 oaus-

86 2197 488 2237 sarumiudicium,
526 2197 725 2237 diciturque

86 2243 162 2285 περὶ
199 2243 378 2282 absolute,
418 2243 520 2275 sicuti
569 2243 725 2274 centenis

86 2291 166 2322 aliis
191 2289 290 2322 loeis.
341 2289 429 2321 Dein
454 2287 608 2330 ἐιαργιῦς
639 2284 725 2320 εἷται

86 2338 383 2376 interpretamur:
405 2335 509 2366 deos
533 2336 593 2366 ita
618 2344 726 2375 esse,

86 2386 138 2414 ut
173 2380 403 2412 evidentes
433 2381 528 2412 sint
557 2391 726 2412 numen-

88 2437 170 2470 que
207 2436 324 2458 suum
350 2426 627 2458 -mortalibus
660 2437 727 2468 pa·

88 2473 321 2505 tefaciant.
370 2471 485 2503 Porro
514 2477 595 2513 post
618 2470 732 2503 θεούς

88 2520 180 2551 male
203 2519 311 2558 vulgo
337 2517 458 2549 deerat
480 2519 729 2559 interpunctio.

90 2564 190 2603 Quae
234 2573 379 2605 prorsus
423 2568 477 2596 est
518 2566 728 2596 necessaria.

89 2611 180 2642 Nam
215 2608 358 2642 εἰκότως
392 2619 454 2650 per
496 2619 534 2641 se
571 2620 729 2642 seorsum

90 2657 333 2698 accipiendum
364 2660 437 2694 est,
471 2655 523 2687 ita
552 2660 588 2687 ut
614 2667 655 2688 eo
687 2657 730 2688 de

91 2699 313 2743 antegressis*
358 2701 592 2742 subiungatur
639 2702 730 2734 iudi-

92 2748 201 2782 cium:
241 2754 282 2779 et
316 2747 489 2789 quidem
523 2748 634 2780 'iure
683 2759 729 2781 ae

209 958 252 990 A.
283 954 321 988 Ω.
348 967 381 987 x.
409 967 440 990 a.
467 967 495 988 c.
521 958 750 990 correximus

805 956 969 988 Veterem
1001 961 1117 988 tamen
1152 958 1340 990 lectionem
1365 959 1425 991 aiii

782 1048 955 1080 merito.
1005 1047 1117 1079 Usum
1144 1049 1311 1090 loquendi
1347 1050 1426 1081 illu-

783 1095 971 1126 stravimus
998 1095 1043 1125 ad
1060 1095 1202 1127 Lachet.
1229 1106 1260 1136 p.
1287 1095 1364 1129 183.
1384 1096 1425 1127 B.

783 1141 973 1171 illustravit
987 1141 1089 1171 etiam
1105 1141 1132 1171 F
1144 1152 1171 1174 r.
1184 1143 1212 1172 A
1226 1153 1245 1172 u
1256 1152 1288 1182 g.
1298 1142 1372 1173 Wo
1382 1143 1391 1172 l
1402 1143 1425 1173 f.

783 1187 827 1218 ad
859 1187 998 1227 Leptin.
1037 1197 1070 1227 p.
1103 1186 1183 1221 466.
1218 1188 1273 1219 ed.
1305 1187 1425 1220 Reisk.

784 1232 947 1273 Denique
986 1233 1094 1264 verba
1137 1234 1216 1264 τῶν
1261 1234 1428 1265 πολλῶν

786 1277 828 1309 ἐκ
854 1278 972 1309 θεῶν
999 1275 1151 1317 ὄντων,
1176 1281 1351 1321 pertinent
1383 1281 1427 1312 ad

786 1325 1008 1366 antiquitatis
1036 1325 1238 1365 opinionem
1263 1327 1332 1358 late
1350 1337 1428 1368 per-

786 1375 948 1412 vagatam
983 1375 1016 1401 et
1053 1381 1073 1402 a
1108 1373 1254 1403 Platone
1288 1375 1429 1414 saepius

787 1418 832 1448 ad
864 1427 936 1448 rem
969 1427 1066 1447 suam
1097 1419 1318 1456 translatam,
1360 1430 1430 1461 qua

787 1464 894 1503 vulgo
921 1463 1109 1494 credebant
1130 1488 1139 1503 ,
1176 1465 1334 1496 homines
1359 1467 1429 1507 pri-

787 1519 865 1541 scos
892 1509 959 1540 diis
986 1509 1094 1540 fuisse
1120 1511 1303 1551 propiores
1318 1517 1351 1542 et
1372 1522 1429 1543 co-

787 1557 984 1596 gnatiores3
1028 1555 1064 1585 id
1093 1557 1188 1596 quod
1214 1551 1430 1589 ostendimus

786 1602 832 1632 ad
857 1601 948 1632 Tim.
975 1610 1008 1641 p.
1029 1599 1075 1634 40
1098 1601 1143 1632 D.
1170 1602 1305 1635 Phileb.
1322 1614 1354 1644 p.
1376 1604 1430 1637 16.

787 1647 833 1678 D.
861 1647 916 1677 De
942 1647 1028 1687 Rep.
1059 1647 1127 1678 111.
1153 1659 1186 1689 p.
1214 1647 1292 1683 388.
1326 1649 1367 1680 B.
1398 1655 1430 1680 et

787 1692 865 1727 391.
894 1694 938 1726 A.

836 1739 954 1770 ἔοικε
1001 1736 1046 1779 δὴ
1093 1736 1284 1783 δικαστῇ]
1341 1741 1432 1772 ἔοικε

789 1794 867 1816 cum
891 1785 1111 1816 nominativo
1136 1787 1324 1827 participio
1353 1789 1431 1818 iun-

791 1835 882 1862 ctum
909 1836 947 1861 ut
972 1830 1104 1871 Cratyi.
1122 1841 1156 1872 p.
1174 1831 1255 1866 408.
1272 1833 1314 1867 Ε.
1342 1839 1429 1865 extr.

789 1887 824 1917 p.
850 1876 929 1910 419.
962 1876 1002 1908 G.
1036 1877 1149 1917 Legg.
1182 1879 1247 1912 IV.
1284 1889 1318 1920 p.
1353 1880 1430 1913 712.

790 1922 837 1953 D.
864 1923 922 1953 ubi
950 1933 981 1953 v.
1001 1932 1080 1953 ann.
1108 1924 1211 1955 Adde
1230 1925 1324 1955 Xen
1337 1927 1431 1966 oph.

791 1968 940 1999 Memor.
968 1968 1025 1998 lv.
1054 1968 1086 2007 3,
1112 1967 1143 2001 8.
1179 1970 1432 2002 Anabas.111.

792 2013 1313 2055 5,13.ubiv.Krs1gerum.
1340 2016 1432 2048 Hell.

793 2059 855 2090 VI.
881 2060 914 2099 3,
941 2059 972 2093 8.
999 2057 1131 2091 ἑοικατε
1165 2064 1319 2102 τυρανίσι
1353 2064 1432 2100 μᾶλ-

792 2106 852 2136 λον
867 2101 889 2145 ἦ
914 2106 1097 2136 πολιτείαις
1124 2102 1295 2147 ἡδόμενοι
1330 2108 1434 2140 Mat-

792 2152 916 2183 thiae
931 2150 992 2183 Gr.
1002 2152 1032 2192 §.
1041 2152 1120 2186 551.
1136 2153 1168 2185 2.
1197 2154 1378 2185 Verbum
1363 2166 1432 2185 επι-

793 2197 927 2238 τρέπειν
952 2199 1113 2229 absolute
1139 2201 1293 2240 positum
1318 2202 1362 2232 ad
1385 2201 1433 2232 II.

796 2244 872 2278 659.
892 2244 989 2275 Β.Χ.
1007 2244 1142 2278 9ΟῙ.Α.
1168 2246 1390 2278 Alcibiadem
1406 2247 1433 2278 l.

793 2301 826 2332 p.
854 2290 931 2323 117.
963 2289 1001 2321 C.
1029 2291 1113 2321 alibi
1139 2292 1331 2332 attigimus.
1362 2294 1436 2323 Ad-

794 2337 909 2368 dimus
926 2346 1018 2367 nunc
1037 2336 1091 2367 De
1104 2336 1188 2385 Rep.
1208 2338 1295 2370 vill.
1309 2349 1342 2378 p
1356 2338 1435 2372 5511

795 2382 835 2414 C.
855 2382 923 2415 IX.
945 2392 978 2423 p.
1002 2381 1081 2416 575.
1104 2382 1148 2413 D.
1164 2383 1286 2424 Epist.
1306 2384 1385 2415 Vll.
1402 2395 1436 2426 p.

794 2427 874 2462 333.
895 2427 933 2459 C.
961 2427 1081 2468 Symp.
1101 2438 1135 2468 p.
1157 2428 1236 2462 213
1258 2429 1299 2460 E.
1331 2429 1438 2461 Thu-

799 2474 1023 2515 cyd.1.28.
1062 2471 1165 2514 ἤθελε
1190 2473 1227 2506 δὲ
1251 2475 1306 2506 καὶ
1333 2476 1379 2518 τῷ
1403 2475 1440 2507 ἐν

797 2520 954 2559 Δελφοῖς
990 2521 1132 2561 μαντείῳ
1165 2518 1348 2561 ἐπιτρέψαι.
1373 2523 1438 2553 IV.

799 2575 826 2596 c.
855 2565 909 2599 83
948 2564 1082 2604 ἕτοιμος
1127 2562 1176 2596 w'v
1208 2565 1366 2610 Βρασίδᾳ
1396 2587 1439 2591 —-

798 2610 1000 2653 ἐπιτρέπειν.
1038 2629 1081 2633 -
1154 2607 1439 2656 απηλλοίτιετο

799 2655 902 2698 ταχὺ
928 2658 997 2688 καὶ
1023 2653 1243 2697 ἀσφαλῶς,
1279 2660 1367 2692 cito
1393 2670 1440 2692 ac

798 2709 900 2735 tuto
927 2703 1192 2736 discedebat.

845 2749 885 2781 C.
913 2747 1040 2790 μέρος
1066 2751 1140 2789 μέν
1165 2759 1255 2781 re·—
1277 2744 1438 2791 ἀνθρώ-
