1781 2971
270 163 350 203 524

564 161 873 204 INCERTI
917 163 1312 207 AUCTORIS.

270 280 468 332 σβύτατα
513 283 593 334 μὲν
632 280 686 322 τοι
723 280 861 335 πυρὸς
905 285 1069 336 ἐλέγετο
1105 288 1175 325 καὶ
1221 282 1385 332 ὕδατος
1422 284 1492 324 καὶ
1531 283 1616 324 τῶν

267 344 414 387 ἄλλων
449 345 683 402 σωμάτων,
732 347 892 403 ὕστερα
929 352 972 392 ὁὲ
1012 349 1064 392 τά
1102 353 1180 402 τῆς
1223 352 1494 404 θαυμαστῆς
1528 361 1616 406 ψυ-

261 413 354 467 χῆς,
391 416 463 455 καὶ
490 413 610 470 φορὰ
641 418 846 457 κοείττιυν
870 420 941 458 καὶ
968 424 1212 471 τιμιωτέρα,
1248 416 1303 469 ἣν
1330 420 1453 471 σῶμα
1480 416 1616 470 εἴληχε

265 485 412 535 φὲοειν
447 480 559 522 αὐτό
597 497 640 523 τε
676 482 806 525 ἑαυτὸ
846 485 1092 537 θερμότητι
1119 503 1190 527 και
1227 484 1385 544 ψύξεσι
1409 502 1480 526 και
1508 485 1617 524 πᾶσι

270 554 362 595 τοῖς
410 547 649 597 τοιούτοις,
698 549 796 591 αλᾞλ
838 550 890 592 οὐ
928 563 1047 608 ψυχη
1087 552 1210 593 σῶιιοὲ
1253 569 1293 594 τε
1329 554 1401 592 καὶ
1437 550 1614 600 ἑαυτην.

270 614 350 654 νῦν
389 613 428 656 δ’

482 613 555 656 ὅτε
601 618 672 667 λε)
676 633 781 670 ομεν
817 630 967 671 ψυχην
1002 625 1101 672 με’ν,
1146 618 1204 660 ἄν
1241 636 1318 674 περ
1354 624 1398 660 ὲν
1447 633 1618 670 σωματι

269 697 466 733 γενηται,
516 680 708 740 [θαῦμα
759 682 915 742 οὐδὲν]
965 693 1100 727 κινεῖν
1146 702 1190 728 τε
1242 705 1312 728 και
1370 694 1617 743 περιφέρειν

270 749 404 791 τοῦτο
450 752 522 790 καὶ
577 752 761 802 ἑαυτήν,
817 751 911 794 οὐδ’

966 751 1067 806 ἡμῖν
1111 752 1289 795 ἀπιστεῖ
1336 755 1454 810 ψυχὴ
1502 750 1614 792 κατὰ

269 814 403 866 λόγον
439 815 619 865 Οὐδένα,
666 816 723 867 ὡς
756 818 896 873 βάρος
935 819 1063 861 οὐδὲν
1107 826 1352 878 περιφέρειν
1385 823 1616 872 δυναμένη.

363 922 408 966 ἣν
444 925 558 964 σῶμα
590 928 731 968 εἴληχε
766 930 826 968 φ]
855 928 971 969 Vulgo
1001 927 1046 959 τὸ
1079 930 1184 969 σῶμα.
1216 933 1259 964 Α,
1292 927 1330 961 Ω.
1356 939 1384 959 r.
1416 925 1475 967 τὴν
1510 927 1615 964 σῶμα.

271 971 365 1010 Aug.
400 981 434 1002 x.
462 972 522 1012 τὴν
554 971 590 1004 τὸ
628 974 723 1012 σῶμα
753 973 811 1005 eil..
845 974 948 1005 Recte
984 975 1165 1007 Bekkerus
1201 987 1218 1007 e
1244 976 1322 1007 cod.
1351 973 1392 1005 Z.
1432 971 1474 1014 ἢν
1512 983 1616 1010 οωμα.

272 1016 350 1048 Vat.
382 1014 419 1050 Ω.
447 1028 499 1058 pr.
526 1024 560 1050 et
584 1019 681 1051 Flor.
708 1031 739 1052 a.
765 1031 815 1061 pr.
841 1020 966 1059 εἴληφε.

270 1110 521 1141 excusandam:
567 1109 711 1142 δοκοῦσι
747 1109 791 1152 μὴ
828 1109 910 1142 κατὰ

269 1154 356 1185 νοῦν
390 1159 460 1187 τοῖς
492 1153 650 1198 σώφροσι
682 1156 764 1198 μηδὲ
802 1158 909 1196 φίλως

268 1199 448 1241 εἰρηκέναι.
487 1201 560 1234 Sed
577 1208 744 1244 praestat,
771 1204 908 1244 opinor,

268 1247 362 1278 facta
392 1249 460 1279 leni
498 1250 683 1280 verborum
715 1251 908 1290 transposi-

268 1293 365 1325 tione
397 1295 446 1326 ita
481 1296 649 1326 scribere:
683 1292 728 1326 ὠς
760 1292 841 1336 μηδ’
877 1295 913 1326 οἱ

269 1337 434 1381 δεύτεροι,
460 1343 814 1382 quemadmodum
838 1353 909 1374 nec

269 1387 445 1418 secundi
478 1393 574 1428 post
608 1388 732 1426 illos,
767 1398 821 1421 sc.
855 1399 909 1420 sa-

269 1433 447 1473 pientibus
471 1444 515 1465 ex
546 1435 721 1466 sententia
746 1440 779 1465 et
811 1441 909 1475 grate

270 1479 394 1511 fecisse
420 1482 566 1520 putandi
595 1486 688 1520 sunt,
713 1481 803 1511 inter
822 1492 909 1521 quos

269 1526 516 1567 antiquissima
556 1528 705 1567 (prima)
746 1528 908 1559 diceban-

270 1576 341 1611 tur,
377 1582 466 1613 quae
491 1574 536 1604 ad
561 1583 704 1614 aquam,
736 1573 850 1613 ignem
877 1578 911 1605 et

268 1619 403 1659 reliqua
429 1619 599 1650 elementa
629 1629 800 1659 corporea
833 1631 909 1660 per-

270 1665 397 1704 tinent,
430 1666 643 1706 posteriora,
680 1675 769 1705 quae
806 1667 911 1706 perti-

271 1716 355 1742 nent
379 1711 424 1742 ad
449 1712 602 1742 animum
628 1711 881 1742 admirabilem.

318 1801 386 1832 καὶ
433 1800 546 1842 φορὰ
596 1802 796 1842 κρείττων
845 1803 910 1833 καὶ

272 1848 518 1888 τιμιωτέρα,
547 1846 595 1890 ἢι
631 1848 742 1887 σῶμα
776 1849 910 1889 εἴληχε

272 1912 313 1916 ——
343 1891 532 1935 ἐαυτήν.]
568 1899 608 1925 et
648 1895 762 1935 apud
801 1905 909 1935 quos

270 1945 413 1971 motus
446 1941 754 1981 praestantior
780 1946 818 1972 et
844 1942 908 1972 ad-

270 1986 531 2018 mirabilior
579 1987 807 2018 dicebatur
860 1988 909 2026 is,

271 2043 393 2073 quem
441 2043 596 2073 corpus
647 2034 910 2074 accepisset,

270 2079 335 2110 ita
362 2083 406 2109 ut
431 2084 567 2111 semet
602 2080 738 2120 ipsum
767 2079 910 2110 calore

271 2129 311 2155 et
336 2124 590 2163 frigoribus
618 2130 656 2156 et
681 2135 792 2166 quae
813 2131 913 2156 sunt

271 2171 314 2201 id
343 2181 480 2211 genus
518 2172 607 2203 alia
640 2176 837 2202 moveret
869 2177 912 2203 et

271 2218 487 2257 agitaret,
521 2227 662 2258 neque
697 2227 798 2248 vero
834 2218 910 2248 ille

271 2273 392 2303 quem
426 2265 597 2304 accepit
631 2265 801 2294 animus
828 2269 909 2294 tum

271 2309 322 2339 ad
359 2320 514 2350 corpus
558 2315 642 2340 tum
680 2310 729 2341 ad
778 2315 910 2340 semet

271 2356 411 2395 ipsum
455 2356 714 2387 movendum.
770 2355 908 2386 Etenim

275 2401 392 2441 φέρειν
425 2403 551 2442 pendet
576 2411 616 2432 ex
643 2402 765 2442 εἴληχε,
799 2403 847 2433 ita
873 2407 910 2431 ut

273 2453 317 2477 sit
346 2448 435 2479 idem
463 2449 555 2488 quod
590 2445 672 2478 (ὕςιε
708 2447 844 2487 φέρειν,
875 2448 908 2478 in

273 2503 340 2533 qua
376 2495 513 2525 ratione
550 2504 619 2525 non
655 2499 705 2524 est
739 2504 800 2524 cur
831 2495 908 2535 quis

274 2538 426 2570 haereat.
466 2539 535 2571 Sed
563 2540 725 2570 vitiosum
745 2545 796 2571 est
815 2539 907 2571 istud

274 2595 307 2615 τε
340 2585 538 2626 importune
571 2592 650 2627 post
682 2583 767 2616 αιῖιό
800 2586 907 2617 incul-

273 2635 397 2662 catum.
453 2631 554 2668 Quod
588 2633 759 2672 permovit
795 2633 906 2663 Asti-

275 2686 350 2711 um,
378 2682 414 2707 ut
439 2683 519 2717 post
544 2674 630 2708 aiito'
657 2689 687 2708 ιε
713 2676 816 2708 ἑαυτὸ
850 2687 906 2707 ex-

274 2723 401 2754 cidisse
433 2728 571 2763 putaret
606 2725 658 2754 καὶ
693 2722 752 2764 τὴν
786 2721 906 2763 ψυχὴν.

274 2768 375 2806 Quod
411 2769 578 2801 abhorret
611 2771 711 2811 plane
738 2780 758 2801 a
787 2771 908 2801 verisi-

977 1113 1184 1145 militudine.
1234 1111 1324 1143 Nam
1363 1111 1527 1141 volebant
1558 1110 1616 1140 isti

977 1159 1136 1190 homines
1189 1159 1306 1198 potius
1353 1166 1502 1197 corpora
1545 1156 1617 1186 suis

974 1207 1128 1245 ipsorum
1148 1205 1281 1236 viribus
1299 1204 1445 1242 moveri,
1464 1202 1617 1234 animum

974 1252 1146 1282 tollebant
1170 1251 1320 1292 penitus.
1348 1250 1474 1290 Itaque
1491 1259 1524 1278 τε
1543 1258 1616 1279 rnu-

976 1298 1119 1329 tandum
1137 1298 1275 1328 videtur
1292 1297 1328 1327 in
1345 1307 1398 1337 yse
1424 1300 1462 1326 ut
1479 1295 1617 1335 ipsum

974 1343 1077 1375 adeo
1111 1349 1249 1375 semet
1282 1346 1520 1373 moveret.
1575 1339 1617 1371 Iu

976 1390 1160 1430 postremis
1197 1394 1312 1420 autem
1358 1388 1472 1419 verbis
1509 1388 1618 1427 liquet

976 1437 1091 1467 inesse
1139 1436 1470 1476 breviloquentiam,
1513 1442 1616 1474 quam

975 1483 1266 1523 interpretatione
1300 1486 1424 1512 nostra
1456 1481 1540 1511 satis
1567 1479 1616 1509 vi—

977 1528 1098 1559 demur
1125 1528 1372 1560 deelaravisse.

1023 1574 1067 1606 D.
1094 1574 1170 1605 νῦν
1199 1571 1232 1605 δ’
1260 1571 1329 1605 ὅτε
1354 1571 1534 1613 λέγομεν
1557 1570 1614 1612 -]

979 1631 1090 1651 nunc
1133 1627 1309 1659 autem5'
1339 1629 1461 1660 quum
1505 1617 1617 1648 dica-

980 1677 1067 1697 mus
1097 1666 1402 1707 (quandoquidem
1434 1663 1616 1702 dicimus),

978 1713 1161 1743 animum
1193 1713 1374 1754 quidem,
1400 1711 1501 1741 siin
1529 1719 1616 1740 cor—

979 1768 1082 1798 pore
1107 1759 1226 1798 insit,
1252 1759 1403 1789 mirum
1421 1766 1501 1786 non
1520 1765 1614 1786 esse

978 1815 1067 1835 eum
1093 1809 1133 1835 et
1158 1805 1238 1836 hoc
1258 1809 1299 1835 et
1324 1808 1454 1834 semet
1480 1802 1615 1842 ipsum

977 1860 1145 1881 movere
1206 1855 1246 1881 et
1298 1850 1486 1890 agitare,
1540 1857 1616 1878 nec

977 1897 1146 1927 animus
1172 1902 1325 1928 noster
1360 1895 1452 1926 ulla
1484 1895 1614 1925 ratio-

978 1953 1028 1973 ne
1068 1942 1298 1982 dubitat,
1340 1952 1432 1973 num
1470 1942 1617 1981 possit

978 1988 1174 2029 aliquam
1234 1989 1383 2019 molem
1437 1988 1614 2018 circum-

980 2034 1109 2066 ferre.
1162 2034 1257 2066 Haec
1283 2043 1424 2075 quoque
1451 2038 1616 2073 corrupta

979 2085 1067 2111 sunt.
1118 2081 1292 2112 Videntur
1317 2080 1488 2111 eliminari
1512 2088 1615 2119 opor-

980 2132 1050 2157 tere
1079 2127 1248 2158 voeabula
1273 2126 1393 2164 θαῦμα
1419 2121 1523 2156 οὐδέν
1548 2125 1614 2154 huc

978 2173 1176 2212 importune
1193 2183 1234 2203 ex
1261 2171 1485 2212 sequentibus
1502 2174 1612 2200 trans-

979 2219 1059 2249 lata.
1135 2218 1270 2256 Quibus
1318 2217 1436 2247 eiectis
1497 2217 1614 2246 omnia

979 2269 1059 2295 sunt
1094 2265 1286 2295 rectissime
1317 2263 1421 2293 dicta.
1471 2261 1525 2292 De
1555 2273 1612 2292 nc-

979 2311 1120 2347 gatiano
1165 2305 1290 2340 olfait-a
1325 2315 1358 2339 et
1398 2303 1500 2338 οιῖδέι·
1536 2313 1614 2349 post

981 2352 1132 2387 ἀπισιεῖν
1159 2357 1254 2386 illata
1276 2366 1305 2386 v.
1326 2353 1367 2387 G.
1385 2355 1612 2385 Hermann.

977 2403 1018 2433 ad
1050 2402 1165 2440 Vigor.
1194 2412 1224 2442 p⁴
1253 2400 1329 2433 810.
1357 2411 1387 2434 n.
1411 2401 1477 2434 271
1521 2403 1612 2440 Aug.

978 2447 1190 2479 Matthiae
1209 2447 1269 2477 Gr.
1289 2445 1348 2477 Gr.
1368 2449 1398 2487 ξ.
1419 2446 1487 2479 534
1516 2447 1546 2479 (i.
1573 2456 1614 2477 ac

977 2494 1018 2523 de
1055 2490 1101 2523 ὥς
1136 2513 1174 2517 -
1213 2493 1380 2533 διἰἰιμὲνῃ
1421 2495 1462 2526 Α.
1500 2493 1612 2524 Mat-

975 2540 1087 2570 thiae
1109 2539 1171 2571 Gr.
1189 2539 1218 2580 ξ.
1242 2539 1321 2573 569.
1361 2538 1520 2570 Ceterum
1549 2548 1612 2578 pro

974 2582 1107 2616 ἆπιιιιεῖ
1136 2596 1201 2616 non
1228 2591 1280 2616 est
1310 2585 1403 2626 quod
1434 2586 1509 2625 quis
1537 2595 1612 2615 cum

977 2632 1200 2672 Sti-phano
1229 2638 1261 2663 et
1281 2632 1407 2662 Astio
1430 2628 1612 2662 ἀπισιεῐιαι

976 2678 1159 2716 legendum
1188 2688 1262 2709 esse
1288 2682 1395 2718 putet.
1436 2677 1509 2708 Nee
1535 2672 1610 2706 ἀπι-

977 2728 1065 2754 σιεῐι·
1092 2725 1282 2763 ferendum,
1309 2723 1402 2764 quod
1426 2721 1611 2755 Schmid-

977 2772 1060 2801 tius
1088 2771 1108 2802 l.
1135 2782 1162 2801 c.
1193 2770 1348 2811 requirit.
