1781 2971
280 161 364 202 306
777 158 1164 201 PLATONIS

282 274 507 331 φερόντως
550 275 682 327 πατρὶ
722 272 833 327 πρὸς
872 275 1041 315 παίδων
1078 275 1149 315 καὶ
1187 275 1317 328 μητρὶ
1373 270 1486 315 θεὸν
1533 271 1641 324 ἐπή-

283 358 387 384 κοον
425 347 470 382 ἐν
518 338 664 394 εὐχαῖς
708 337 904 391 ἡγείσθω
939 342 1176 392 γίγνεσθαι
1214 337 1326 382 κατὰ
1363 338 1522 397 φύσιν
1578 355 1638 381 τι·

284 412 466 462 μωμένῳ
505 408 549 448 δὲ
593 404 684 460 ἄρα
720 409 791 448 καὶ
839 413 1063 460 περιχαρεῖ
1095 404 1269 463 σφόδρα
1304 412 1520 461 γενομένῳ
1566 407 1641 448 καὶ

286 473 359 517 ὁιοὶ
404 472 459 515 τά
503 474 689 516 τοιαῦτα
738 477 782 514 ὲν
830 472 976 526 εὐχαῖς
1017 474 1212 528 λιπαρῶς
1246 476 1304 521 εἰς
1346 471 1509 525 ἀγαθὰ
1549 481 1643 522 τοῖς

287 542 409 583 παισὶ
458 540 830 594 παρακαλοῦντος
890 538 1030 588 θεοὺς
1079 538 1159 582 οὐκ
1206 536 1294 594 ἄρα
1343 537 1395 581 τοὶ
1452 541 1641 581 τοιαῦτα

289 606 468 650 ἀκούειν
506 606 548 658 ἐξ
579 606 673 649 ἰ’σου
710 608 781 648 καὶ
822 610 963 660 νέμειν
1001 604 1105 659 ἡμῖν
1143 605 1308 656 αὐτοὺς
1353 604 1643 660 ἡγησόμεθας

292 673 392 717 ἀλλ’
444 673 526 716 οὐκ
571 671 630 715 ἄν
678 689 784 716 ποτε
833 675 995 715 δίκαιοι
1032 681 1178 727 νομεῖς
1225 672 1308 716 εἷεν
1352 672 1570 727 ἀγαθῶν,
1619 669 1642 714 ὃ

291 741 344 794 δή
382 757 529 801 φαμεν
567 738 723 793 ἥκιστα
764 742 893 789 θεοῖς
928 739 1039 782 εἶναι
1076 746 1258 795 πρέπον.

292 907 325 927 v.
349 895 373 927 f.
400 905 427 927 r.
452 905 486 926 x.
514 905 544 927 a.
573 893 602 926 δ.
623 905 668 934 0.,
690 898 773 927 vett.
799 894 898 925 editt.
925 893 1058 925 scilicet
1083 903 1157 924 cum
1182 892 1271 924 Ven.
1294 893 1330 924 Ξ.
1357 893 1523 933 scriptum
1549 893 1646 924 exhi-

293 943 376 973 bent
399 938 585 981 βλαβερός.
632 940 674 972 Id
698 950 782 971 vero
809 949 851 971 ex
876 939 1085 980 glossemate
1111 945 1225 970 ortum
1251 948 1327 970 esse
1353 949 1393 970 ex
1423 949 1466 970 eo
1490 945 1648 980 apparet,

295 988 388 1029 quod
421 989 456 1018 in
491 996 601 1026 marg.
638 991 708 1017 tam
739 986 907 1016 librorum
938 988 974 1018 Α.
1001 990 1034 1016 et
1066 982 1103 1015 Ω.
1139 995 1240 1025 quam
1273 985 1421 1015 aliorum
1449 985 1492 1016 ad
1528 981 1649 1026 ἀραῖος

295 1034 511 1074 adscriptum
539 1038 591 1064 est
616 1029 791 1072 βλαβερὸς
815 1037 981 1072 tanquam
1010 1032 1367 1072 interpretamentum.

298 1149 512 1189 glossemate
538 1147 592 1178 vel
626 1147 753 1178 exinde
779 1151 936 1188 apparet,

298 1194 393 1236 quod
420 1192 539 1225 Schol.
566 1188 687 1233 α’ραῖος
717 1203 780 1233 per
812 1191 937 1232 βλαβε-

297 1249 360 1281 ρος
384 1241 648 1280 interpretatur.
675 1234 810 1280 Ἀραῖοε
825 1239 939 1269 active

1007 1151 1040 1178 et
1067 1143 1103 1176 δέ
1132 1143 1198 1185 ἄρα
1222 1145 1463 1185 interseratur,
1488 1145 1530 1177 de
1549 1146 1648 1178 cuius

1006 1203 1071 1223 usu
1097 1192 1249 1222 diximus
1275 1192 1319 1223 ad
1346 1192 1498 1232 Apolog.
1532 1202 1566 1232 p.
1592 1191 1650 1225 34.

1009 1237 1049 1269 C.
1074 1237 1209 1268 Phileb.
1237 1247 1271 1278 p.
1297 1236 1350 1271 30.
1378 1237 1420 1268 B.
1444 1236 1488 1269 al.
1545 1236 1650 1270 Simi-

296 1291 502 1327 usurpatum
538 1285 731 1316 illustravit
762 1284 939 1316 Elmsie·

298 1334 362 1364 ius
400 1332 445 1364 ad
491 1331 613 1372 Eurip.
656 1330 750 1362 Med.
789 1341 822 1361 v.
859 1329 938 1363 595.

303 1378 698 1409 Winckelmannus
719 1377 939 1408 scribendum

297 1429 418 1466 putat:
460 1420 571 1462 βαρὺς
610 1420 677 1464 γὰρ
718 1419 839 1463 α’ραῐος
880 1432 941 1463 γο-

298 1467 379 1502 νεὺς
411 1469 476 1500 κτλ.
509 1478 705 1510 provocans
735 1469 780 1500 ad
812 1467 940 1508 Soph.

299 1516 466 1548 Trachin.
503 1526 533 1546 v.
562 1514 663 1548 1195.
699 1515 759 1545 ubi
791 1524 831 1546 ea
863 1514 942 1554 ipsa

299 1563 407 1594 verba
431 1561 663 1602 reperiuntur.
711 1559 782 1592 Sed
798 1560 940 1592 sanissi-

301 1619 356 1641 ma
369 1612 423 1640 est
436 1608 609 1639 librorum
627 1607 812 1647 scriptura,
831 1616 938 1647 quan-

301 1655 491 1695 doquidem
526 1653 701 1684 sententia
741 1652 828 1684 haec
869 1657 938 1682 est:

301 1710 395 1731 nam
420 1704 547 1740 pater
572 1699 690 1730 filiis
716 1698 838 1729 diras
871 1698 940 1728 im-

300 1751 526 1787 precatur,
577 1749 622 1775 ut
662 1753 786 1775 nemo
824 1743 939 1775 alius

302 1793 401 1831 alii,
427 1792 461 1822 h.
479 1801 508 1822 e.
529 1791 624 1822 diras
651 1790 805 1821 omnium
830 1790 940 1821 maxi-

301 1848 356 1869 me
387 1837 544 1869 efficaces
571 1842 605 1867 et
629 1836 845 1877 perniciosas
876 1837 940 1866 im-

302 1889 475 1925 precatur.
536 1883 628 1913 istud
661 1878 857 1912 δικαιόιαια
882 1891 943 1922 per

305 1941 342 1962 se
378 1939 535 1962 seorsum
570 1927 831 1968 accipiendum,
877 1927 944 1958 hoc

306 1986 429 2008 sensu:
462 1975 593 2016 idque
623 1974 718 2005 iure
744 1973 942 2005 maximo.

307 2023 365 2054 Sic
399 2021 481 2053 alibi
519 2018 674 2057 εἰκότως,
719 2019 761 2050 de
804 2028 873 2060 quo
912 2030 944 2049 v.

306 2067 439 2099 Wolf.
472 2066 516 2098 ad
547 2066 685 2106 Leptin.
719 2075 751 2105 p.
777 2064 854 2099 466.
887 2064 941 2099 25.

308 2114 360 2145 ed.
387 2112 506 2144 Reisk.
533 2111 668 2142 Eodem
685 2111 788 2142 modo
806 2109 946 2141 δικαίως

308 2158 533 2190 Demosth.
559 2158 594 2188 in
617 2158 825 2188 Aristocrat.
845 2154 875 2198 §
890 2156 945 2190 78.

307 2201 370 2237 κᾶν
394 2203 453 2243 μὲν
479 2200 560 2244 ἁλῷ,
588 2201 647 2243 τὴν
673 2200 725 2233 ἐπὶ
750 2205 820 2233 τοῖς
845 2200 944 2233 ἑκου-

311 2253 400 2283 σίοις
425 2247 552 2290 φόνοις
577 2247 692 2286 ἔδωκε,
719 2246 868 2279 δικαίως.
886 2248 946 2279 ubi

312 2310 342 2329 v.
372 2296 538 2328 Weber.

357 2340 408 2384 μὴ
435 2339 482 2383 δή
509 2337 946 2381 ιιςάτιμαζομέινῳ-]

315 2391 395 2420 Iam
417 2399 514 2421 vero
535 2397 584 2419 ne
607 2387 702 2429 quis
722 2386 950 2418 existimet

311 2442 372 2468 ctr
412 2439 450 2466 ut
474 2444 588 2474 saepe.
637 2431 707 2465 Sed
733 2432 789 2463 hic
810 2441 950 2473 quoque

318 2482 465 2513 Astius
495 2482 664 2511 innocens
690 2479 783 2510 istud
810 2476 852 2518 δὴ
885 2487 949 2518 pro

315 2531 477 2567 suspecto
501 2526 624 2557 habuit
650 2529 684 2557 et
708 2526 743 2556 in
775 2521 811 2555 δὲ
822 2524 950 2570 mutari

315 2574 436 2605 voluit.

361 2616 580 2659 τιμωμένῳ
613 2615 656 2647 δὲ
685 2613 760 2655 ἄρα
788 2633 824 2638 -
854 2610 950 2655 ἡγη-

315 2663 514 2705 σ.ι’μεθα,·]
539 2664 602 2694 Per
616 2660 852 2694 anacoluthon
873 2671 950 2691 ora-

313 2712 362 2743 tio
390 2711 461 2743 exit
478 2711 513 2741 in
533 2708 862 2749 interrogationem;
888 2717 950 2737 un-

313 2758 355 2789 de
381 2758 430 2797 fit,
459 2761 495 2788 111.
512 2751 715 2797 ἡγησόμεθα
732 2753 951 2791 subiiciatur,

1008 1284 1076 1315 lem
1114 1284 1286 1315 rationem
1329 1284 1366 1314 in
1408 1282 1652 1316 Demosthene

1010 1334 1177 1362 notarunt
1215 1330 1326 1370 intpp.
1362 1329 1406 1360 ad
1441 1327 1583 1369 Oiynth.
1621 1330 1650 1362 1.

1010 1387 1044 1417 p.
1069 1375 1146 1410 219.
1177 1377 1345 1416 Apparat.
1362 1374 1541 1407 Schaeser.
1567 1375 1649 1408 Vol.

1009 1423 1037 1453 Ι.
1066 1421 1254 1453 Praeterea
1280 1421 1362 1452 inde
1387 1431 1408 1452 a
1433 1421 1565 1454 verbis:
1597 1423 1652 1454 καὶ

1010 1465 1066 1499 διὰ
1092 1465 1130 1498 τὰ
1156 1467 1296 1498 τοιαῦτα
1321 1465 1358 1499 ἐν
1383 1461 1497 1507 εὐχαῖς
1522 1478 1551 1499 κ.
1576 1478 1602 1504 τ,
1623 1468 1650 1501 λ.

1009 1519 1162 1546 mutatur
1211 1518 1312 1545 tenor
1366 1514 1652 1569 constructionis,

1009 1559 1289 1615 quandoquidem
1315 1559 1442 1591 deinde
1472 1569 1536 1611 pro
1572 1558 1652 1602 ἐπή-

1009 1617 1095 1637 κοον
1120 1601 1206 1637 εἶναι
1225 1605 1376 1637 infertur
1394 1603 1536 1636 ἀκούειν
1554 1605 1652 1637 ideo-

1008 1662 1098 1694 que1
1090 1651 1312 1692 παρακαλοιῖι
1317 1659 1375 1682 roc
1387 1652 1542 1692 ponitur,
1557 1653 1653 1693 quod

1008 1708 1051 1730 ex
1092 1693 1233 1728 ἀκούειν
1269 1698 1511 1737 suspenditur
1548 1708 1652 1739 quum

1007 1745 1237 1776 antecesserit
1261 1744 1400 1775 dativus
1427 1743 1597 1786 τιμωμένῳ
1620 1750 1654 1775 et

1009 1793 1183 1830 περιχαρεῖ
1202 1789 1386 1831 γενομένῳ.
1424 1789 1551 1821 Verum
1576 1800 1653 1831 per·

1009 1837 1098 1868 vidit
1125 1838 1155 1867 A
1170 1837 1253 1868 stiu
1268 1846 1295 1867 s.

1058 1906 1096 1936 D.
1137 1901 1186 1936 uic
1220 1902 1347 1935 οὐδὲν
1396 1900 1504 1943 πρός
1538 1905 1656 1934 θεῶν

1012 1948 1350 1991 τιμιώτερον-]
1402 1949 1558 1993 Ρθῐιιρε11
1593 1959 1654 1989 pn—

1012 1996 1184 2033 ranhrasis
1215 1996 1279 2027 1οοί
1314 1995 1396 2026 haec
1427 2001 1502 2027 est:
1535 1993 1657 2035 διόπερ

1014 2038 1110 2074 ον’νδὲν
1128 2038 1170 2073 ἄν
1190 2044 1259 2073 θεῶ
1277 2039 1399 2073 seimon·
1415 2039 1436 2079 ἤ
1451 2037 1545 2083 ἱερόν
1567 2041 1654 2080 ἔχοι-

1011 2099 1076 2129 μει
1100 2088 1132 2116 li·
1154 2086 1339 2128 χρηη1ίιων
1374 2084 1487 2124 κτήσει
1511 2090 1656 2126 πατέρος

1013 2131 1034 2174 ἧ
1059 2132 1112 2164 καὶ
1121 2131 1361 2186 προπάτορος
1380 2130 1469 2171 γήρᾳ
1493 2135 1657 2171 παρειμέ-

1012 2191 1088 2217 νων,
1114 2192 1131 2218 η
1162 2178 1216 2208 καὶ
1239 2176 1394 2218 ματέρων
1412 2173 1473 2207 τᾶν
1490 2173 1579 2206 ἰδίαν
1596 2175 1658 2207 δυ’-

1015 2236 1113 2255 ναιιιν
1138 2224 1297 2262 ἰχηιιισῦν.
1337 2221 1418 2254 lude
1445 2221 1658 2254 Winckel-

1014 2279 1195 2302 mannus
1231 2268 1364 2300 Platoni
1403 2267 1657 2299 restituendum

1015 2319 1154 2348 censet:
1212 2324 1419 2356 τιμιωιεροι
1477 2310 1596 2354 ἱερὸν
1636 2311 1658 2351 ἢ

1014 2357 1138 2404 '7‘12’1
1167 2357 1206 2391 ἆ»
1219 2360 1350 2400 amant!
1353 2359 1446 2391 1εθα.
1479 2359 1558 2392 Quo
1577 2357 1658 2399 qnid

1017 2410 1200 2440 lucremur.
1228 2415 1292 2437 111111
1319 2405 1552 2446 inteuigimus.
1601 2403 1656 2436 Ni-

1019 2454 1142 2485 niirnm
1203 2450 1446 2493 paraphrastes
1501 2450 1659 2482 Platonis

1017 2499 1153 2541 ἄγαλμα
1180 2497 1375 2529 indi-{inose
1398 2496 1553 2534 mutavit,
1583 2505 1660 2537 pes-

1020 2554 1105 2577 num
1099 2544 1176 2576 iata
1220 2544 1320 2575 etiam
1362 2543 1543 2603 verborum
1592 2542 1661 2574 ele-

1020 2591 1145 2634 g'intia.

1065 2662 1333 2699 παρειμένων
1369 2653 1499 2697 γιῐρᾳ]
1541 2664 1659 2686 sene-

1021 2711 1137 2737 ctute
1163 2704 1408 2735 sointorum
1443 2704 1485 2733 et
1510 2700 1659 2732 confe-

1019 2762 1036 2782 c
1051 2756 1090 2784 to
1105 2761 1146 2782 ru
1158 2761 1198 2782 m.
1216 2748 1375 2782 Similiter
1385 2745 1657 2789 E‘uripssuppi.
