1781 2971
194 111 274 152 DE
309 110 583 153 LEGIBUS
621 110 736 151 Llss.
774 110 854 151 124.
892 110 937 151 Ρ.
973 112 1064 153 &Gt
1101 112 1195 151 2565.
1231 109 1292 151 St..
1385 111 1433 150 57

85 242 162 279 σης
210 226 366 282 ἐπιβὰς
412 228 491 278 τῆς
530 231 691 275 οἰκείας
734 224 902 281 χώρας,
952 231 996 268 ἐν
1046 227 1239 280 δημοσίῳ
1296 227 1437 280 δεσμῷ

86 296 234 344 δεθεὶς
275 292 362 337 ὑπὸ
411 295 500 336 τῶν
536 292 862 351 νομοφυλάκων
907 294 986 336 δύο
1032 292 1263 342 ἐνιαυτοὺς
1301 289 1440 342 οὕτως

85 359 444 404 ἀπαλλαττέσθω
483 361 570 402 τῶν
607 362 790 415 δεσμῶν.

189 473 342 516 Φόνου
389 470 441 525 δὴ
490 470 704 529 καθάπερ
756 469 1022 528 ἠρξάμεθα,
1069 467 1328 525 πειρώμεθα
1365 466 1435 512 διὰ
1471 478 1551 518 865

86 542 238 590 τέλους
282 538 452 589 παντὸς
496 540 637 590 εἴδους
683 542 780 594 πέρι
830 536 975 597 φόνου
1022 540 1176 580 θεῖναι
1220 535 1325 586 τοὺς
1367 535 1441 580 νό-

86 624 219 661 μους,
265 613 336 650 καὶ
386 607 562 664 πρῶτον
607 609 688 661 μὲν
725 603 778 648 τοὶ
818 607 944 660 βίαια
979 606 1050 646 καὶ
1086 601 1278 646 ἀκούσια
1315 606 1441 657 λέγω·

85 691 179 729 μεν,
249 674 307 717 Εἴ
341 691 404 723 τις
440 677 485 716 ὲν
540 672 680 726 ἀγῶνι
727 689 800 714 και
837 667 1008 720 ἄθλοις
1044 671 1271 725 δημοσίοις
1305 666 1442 721 ἄκων,

86 739 170 784 εἴτε
206 743 479 796 παραχρῆμα
517 739 600 782 εἴτε
639 756 710 782 και
747 743 792 781 ἐν
828 735 1026 793 ὑστέροις
1057 734 1238 793 χρόνοις
1270 741 1314 778 ἐκ
1352 737 1440 778 τῶν

87 807 286 860 πληγῶν,
341 806 567 850 ἀπέκτεινέ
614 823 712 848 τινα
764 807 936 864 φίλιον,
990 801 1013 855 ἢ
1069 803 1182 847 κατὰ
1245 802 1440 859 πόλεμον

85 872 291 924 ὠςαύτως
326 871 348 926 ἢ
389 872 501 916 κατὰ
540 876 722 928 μελέτην
771 871 853 925 τὴν
894 869 1004 927 πρὸς
1040 870 1250 925 πόλεμον,
1286 886 1442 913 ποιου-

79 940 226 995 ’μένων
260 937 442 993 ἄσκησιν
476 942 563 982 τῶν
598 938 846 996 ἀρχόντων,
879 941 1030 998 ψιλοῖς
1050 937 1246 993 σώμασιν
1286 934 1439 992 ἣμετά

88 1020 219 1051 τινων
242 1005 390 1051 ὅπλων
410 1008 783 1062 ἀπομιμουμένων
800 1005 882 1058 τὴν
909 1005 1153 1060 πολεμικὴν
1176 1004 1351 1060 πρᾶξιν,
1366 1021 1442 1046 κα·
1476 1008 1511 1048 Β

89 1078 292 1129 θαρθεὶς
316 1073 428 1118 κατὰ
468 1072 546 1117 τὸν
575 1080 619 1117 ἐκ
640 1075 819 1131 Δελφῶν
856 1075 1133 1127 κομισθέντα
1155 1075 1250 1127 περὶ
1275 1069 1444 1115 τούτων

182 1272 408 1305 ἀπέκτεινέ
441 1284 540 1305 τινα
571 1272 739 1314 φίλιον]
776 1272 888 1314 Vulgo
915 1272 1031 1314 φίλον,
1058 1270 1152 1313 quod
1179 1272 1274 1303 solus
1300 1269 1337 1302 Ξ.
1369 1275 1443 1303 tue-

91 1323 155 1351 tur.
183 1318 274 1351 conf.
302 1329 334 1359 p.
361 1318 440 1353 876.
470 1318 509 1350 E.

185 1365 224 1396 Β.
275 1363 528 1407 καθαρθεὶς
559 1362 664 1395 nato}
699 1362 777 1395 τὸν
807 1364 850 1394 ἐκ
884 1363 950 1405 Δ.]
982 1363 1182 1405 legebatur
1215 1363 1293 1394 oiim
1327 1365 1443 1393 καθα-

91 1412 157 1453 ρῶς
181 1408 262 1441 κατὰ
292 1423 321 1441 τ.
371 1410 474 1444 Quod
514 1409 600 1442 Des.
635 1409 807 1442 Heraldus
839 1409 944 1442 Obss.
979 1409 1022 1441 ad
1055 1411 1110 1440 ius
1142 1410 1218 1440 Att.
1246 1420 1278 1450 p.
1306 1407 1384 1443 354.
1411 1408 1444 1439 in

91 1455 292 1498 καθαρθεὶς
318 1456 518 1488 mutandum
543 1454 637 1496 sidit,
666 1456 767 1488 sicuti
795 1456 961 1498 scriptum
989 1455 1113 1497 legitur
1139 1455 1173 1487 in
1198 1454 1442 1487 Ric.11.Vat.

92 1511 119 1534 r.
146 1501 241 1533 Flor.
266 1501 296 1533 δ.
324 1512 434 1543 marg.
466 1501 540 1535 vat.
570 1498 609 1532 Ω.
637 1505 671 1534 et
706 1501 798 1534 Flor.
832 1512 863 1533 a.
921 1502 960 1533 In
993 1502 1096 1533 Voss.
1128 1511 1160 1532 Χ
1196 1505 1250 1532 est
1280 1497 1446 1543 καθαρός

90 1559 154 1583 τις.
186 1548 263 1579 Par.
292 1548 331 1580 A.
356 1546 587 1591 καθαρόστις.
639 1547 718 1581 Quo
754 1552 896 1589 recepta
933 1548 1034 1579 lectio
1068 1546 1327 1588 quodammodo
1364 1555 1444 1577 con-

91 1594 250 1626 firmatur.

807 1728 958 1762 Meier.
985 1734 1020 1761 et
1038 1729 1120 1761 Sch
1135 1730 1297 1760 6mann.
1315 1729 1371 1760 De
1389 1727 1447 1759 me

807 1778 876 1807 Att.
907 1786 940 1818 p.
968 1775 1037 1810 240
1053 1785 1127 1817 sqq.

850 1820 898 1852 τὰ
932 1824 1058 1863 βίαια
1091 1821 1158 1852 καὶ
1186 1818 1395 1860 damnata]
1422 1819 1443 1850 ἱ.

94 1735 129 1763 et
154 1731 290 1764 fortuna
316 1730 444 1773 ipsius;
477 1731 504 1762 si
542 1740 598 1762 res
624 1731 671 1761 ita
699 1738 736 1760 se

94 1777 216 1817 habet,
245 1782 283 1809 ut
307 1776 528 1810 homicidium
554 1775 735 1808 commise-

95 1824 150 1855 rit.
175 1842 220 1847 —
274 1821 355 1855 τόν
397 1820 623 1861 ἐνιαυτόν,
655 1820 736 1853 arti—

96 1870 176 1901 culo
208 1869 349 1902 adiecto
389 1872 442 1900 est
477 1877 551 1910 per
583 1876 735 1899 aunum

98 1924 264 1955 poenae
311 1925 470 1947 caussa
517 1913 734 1945 constitu—

98 1966 192 1993 tum.
700 1964 702 1966 ’

145 2006 183 2036 Ρ.
223 2005 302 2040 865.
375 2003 540 2039 παν-[ὂς
590 2003 739 2040 εἴδους

97 2053 193 2094 πέρι
224 2049 385 2094 φόνου]
423 2049 466 2081 H.
495 2060 524 2081 e.
558 2049 605 2082 de
638 2059 739 2080 uno-

97 2107 267 2139 quoque
293 2105 455 2138 genere
480 2095 642 2127 caedis.
671 2094 739 2127 Le-

96 2153 159 2184 ges
203 2143 246 2175 de
282 2140 392 2174 caede
434 2142 616 2173 Platonem
666 2137 740 2173 fere

99 2199 220 2222 omnes
251 2199 293 2221 ex
330 2187 404 2220 iure
433 2188 549 2220 Attico
575 2187 738 2228 deprom-

100 2235 206 2274 sisse,
234 2238 375 2277 praeter
400 2234 487 2266 aiios
511 2233 740 2265 ostenderunt

101 2281 145 2312 A.
174 2278 382 2313 Matthiae
409 2279 459 2311 De
480 2279 615 2312 iudiciis
634 2278 738 2311 Athe-

101 2326 225 2358 nienss.
267 2336 299 2366 p.
333 2325 399 2359 155
441 2336 514 2366 sqq.
557 2328 593 2357 et
632 2325 738 2357 Her-

101 2382 232 2403 mann.
266 2372 315 2403 De
346 2372 502 2413 vestigiis
530 2382 561 2412 p.
589 2370 636 2404 49
661 2381 737 2412 sqq.

99 2417 229 2450 Totum
266 2426 348 2449 vero
389 2416 476 2449 hunc
506 2418 619 2449 locum
657 2417 739 2457 iuris

103 2463 206 2495 Attici
225 2466 364 2505 praeter
389 2462 639 2503 Herandum‚
666 2464 738 2495 Pe-

103 2511 253 2548 titun=3
306 2507 648 2550 Wesseiingium
706 2521 736 2551 p.

103 2555 179 2590 617.
205 2556 304 2593 alios,
331 2563 440 2594 nuper
465 2556 740 2596 pervestigarunt

103 2601 206 2634 etiam
234 2600 411 2634 Hesster
440 2599 490 2631 De
511 2601 737 2634 reiudiciaria

104 2646 227 2679 Athen.
255 2659 286 2689 p.
315 2645 394 2680 196.
423 2646 578 2679 l’latne
591 2657 617 2679 r.
653 2648 737 2680 Pro-

103 2703 190 2726 cess.
234 2695 299 2725 Mt.
334 2704 365 2734 p.
404 2691 479 2726 268.
507 2691 573 2726 282
600 2704 672 2734 sqq.
706 2701 737 2727 et

806 1878 836 1899 e.
870 1868 1069 1900 violenta
1102 1877 1240 1908 eaque
1272 1875 1350 1897 non
1377 1875 1444 1897 vo-

807 1914 1011 1945 luntaria.
1072 1912 1165 1944 Infra
1207 1923 1239 1953 p.
1283 1912 1365 1946 869.
1405 1910 1443 1942 E.

805 1958 901 1999 βίαιά
941 1970 975 1990 τε
1017 1957 1071 1989 καὶ
1114 1956 1263 1989 ἄκου’σια
1308 1957 1446 1989 dicitur.

809 2005 1022 2037 Huiusmodi
1037 2014 1185 2036 caussae
1199 2002 1346 2036 Athenis
1362 2013 1445 2044 age-

808 2052 932 2083 bantur
965 2052 995 2083 in
1033 2049 1229 2093 Delphinio3
1271 2060 1301 2080 v.
1344 2050 1447 2080 Mat-

810 2096 928 2129 thiae
962 2098 982 2128 l.
1011 2107 1039 2129 c.
1075 2107 1107 2138 p.
1135 2096 1199 2130 151
1228 2106 1279 2150 sq.
1329 2095 1453 2130 Quae<

809 2153 887 2176 nam
922 2144 991 2175 sint
1024 2143 1150 2175 caedes
1178 2140 1355 2181 ἀκούσιοι,
1389 2150 1447 2173 ex-

809 2190 905 2231 ponit
932 2189 1163 2230 Antiphon.
1193 2199 1226 2230 p.
1253 2187 1321 2221 659
1347 2198 1397 2228 sq.

854 2238 1129 2278 ποιουμξνων
1160 2245 1337 2274 ασκησιν
1367 2235 1448 2264 Τῶν

807 2279 1052 2323 ἅρχοντων]
1101 2279 1448 2322 magistratibus

809 2327 1172 2359 exercitationem
1210 2326 1446 2357 instituen-

809 2373 941 2404 tibus.
969 2372 1062 2404 Huic
1086 2382 1169 2404 vero
1187 2372 1338 2413 genitivo
1365 2381 1444 2403 eon—

807 2419 902 2451 tinuo
928 2418 1148 2459 subiungitur
1174 2419 1280 2449 alius:
1315 2416 1447 2459 ἀπομι-

807 2469 1005 2506 μουμένων,
1038 2463 1081 2496 ad
1117 2474 1218 2506 quern
1252 2462 1368 2494 αὐτῶν
1391 2474 1441 2495 as·

807 2511 1013 2543 sumendum
1053 2515 1217 2551 tanquam
1255 2510 1447 2546 subiectum

808 2562 871 2590 est.
928 2556 1156 2589 scribendum
1200 2561 1317 2588 autem
1350 2555 1446 2587 vide-

808 2607 864 2634 tur
897 2601 1113 2645 ποιούντων,
1155 2601 1325 2643 siquidem
1368 2612 1448 2634 vera

808 2653 887 2681 sunt
911 2659 1000 2690 quae
1032 2649 1076 2681 de
1105 2659 1169 2680 usu
1198 2647 1359 2690 loquendi
1387 2658 1447 2680 ex-

809 2696 989 2735 posuimus
1018 2695 1060 2728 ad
1090 2695 1226 2728 Menex.
1253 2705 1284 2736 ρ.
1309 2693 1385 2729 234.
1408 2694 1444 2725 B.
