1781 2971
240 685 274 727 E

199 1018 279 1058 991

314 159 393 198 5:32
618 154 923 199 INCER'TI
969 157 1352 201 AUCTORIS

311 275 402 321 λοις
451 271 579 330 φύσει
625 273 840 328 ἀριθμῶν
888 274 1093 329 ὁμοίωσις·
1131 276 1242 330 πρὸς
1280 275 1358 327 τὴν
1395 276 1481 317 τῶν
1522 279 1663 318 ἐπιπέ-

312 341 398 381 δων
433 348 595 395 μοῖραν
618 341 823 395 γεγονυῖά
850 347 940 384 ἐστι
977 341 1222 399 διαφανής·
1260 340 1282 384 ὃ
1311 340 1362 394 δὴ
1392 343 1553 397 θαῦμα
1584 342 1665 385 οὑκ

311 404 611 462 ἀνθρώπινον
645 407 760 449 ἀλλὰ
798 409 976 461 γεγονὸς
1004 415 1133 452 θεῖον
1157 407 1357 467 φανερὸν
1382 407 1440 451 ἂν
1470 413 1663 463 γίγνοιτο

311 475 372 527 τῷ
422 476 647 528 δυναμένῳ
696 476 905 525 ξυννοεῖν.
953 477 1059 529 μετα
1111 479 1154 518 δὲ
1202 477 1369 528 ταύτην
1420 475 1526 526 τοὺς
1574 478 1665 531 τρὶς

312 540 580 592 ηὐξημένους
627 545 697 583 καὶ
746 545 796 602 τῇ
846 546 998 599 στερεᾷ
1047 543 1175 599 φύσει
1227 541 1428 597 ὁμοίους,
1477 542 1583 592 τοὺς
1619 545 1664 586 δὲ

311 607 552 661 ἀνομοίους
597 601 652 650 αὖ
703 610 943 662 γεγονότας
990 614 1114 665 ἑτέρᾳ
1160 617 1281 670 τέχνῃ
1331 608 1465 665 ὁμοίᾳ
1512 608 1663 670 ταύτῃ,

315 672 369 726 ἣν
398 674 450 726 δι’]
490 679 754 729 γεωμετρίαν
794 677 1001 719 ἐκάλεσαν
1039 681 1078 719 οἱ
1116 686 1366 732 προςτυχεῖς
1402 676 1512 737 αὐτῇ·
1535 694 1662 731 γεγο-

312 740 447 791 νότες.
487 740 509 784 ὃ
548 745 591 785 δὲ
630 743 761 785 θεῖόν
796 743 834 784 τ’
879 747 966 786 ἐστὶ
999 747 1071 787 καὶ
1111 745 1378 798 θαυμαστόν
1412 752 1504 794 τοῖς
1539 748 1663 798 ἐγκα-

311 811 488 864 θορώσί
527 826 570 851 τε
609 812 679 852 καὶ
716 813 1065 866 διανοουμένοις,
1114 809 1171 860 ὡς
1207 813 1301 866 περὶ
1339 812 1388 853 τὸ
1431 811 1663 854 διπλάσιον

311 875 379 918 ἀεὶ
425 881 720 933 στρεφομένης
756 880 834 928 τῆς
882 878 1105 931 δυνάμεως
1149 881 1220 919 καὶ
1260 880 1338 929 τῆς
1373 878 1415 929 ἐξ
1459 881 1664 928 ἐναντίας

311 941 450 1002 ταύτῃ
488 943 600 985 καθ’
646 943 835 996 ἑκάστην
873 945 1121 995 ἀναλογίαν
1150 944 1262 994 εἶδος
1288 946 1359 986 καὶ
1399 947 1523 999 γένος
1548 943 1662 987 ἀπο-

313 1013 528 1053 τυποῦται
564 1012 685 1053 πᾶσα
723 1009 748 1062 ἡ
786 1012 930 1070 φύσις.
958 1011 982 1064 ἡ
1004 1029 1083 1065 μεν
1113 1010 1165 1063 δὴ
1205 1011 1354 1067 πρώτη
1392 1013 1472 1054 τοῦ
1509 1013 1662 1053 διπλα-

404 1139 504 1172 ιοὺς
538 1142 628 1182 τρὶς
658 1139 955 1185 ηιῗξημὲιόυε]
985 1142 1082 1174 Libri
1111 1145 1212 1183 τρεῖς,
1241 1143 1335 1183 quod
1361 1143 1519 1175 certatim
1547 1153 1660 1175 emen-

311 1187 437 1219 darunt
462 1189 583 1219 critici.

399 1232 518 1273 τέχνῃ
555 1230 683 1276 ὁμοίᾳ
722 1233 877 1276 ταύτῃ]
918 1231 1035 1273 ὁμοιοῖ
1056 1235 1100 1265 A.
1127 1239 1160 1264 et
1195 1244 1246 1275 pr.
1279 1232 1316 1265 Ω.
1342 1244 1373 1266 a.
1401 1245 1428 1267 e.
1470 1234 1562 1266 Dein
1595 1244 1659 1276 pro

1023 1324 1072 1358 C:
1102 1323 1120 1356 ὂ
1147 1322 1182 1355 δὲ
1209 1323 1345 1356 πάντων
1363 1324 1505 1365 μάλιστα
1532 1324 1658 1367 προςή-

1024 1382 1072 1402 κει
1103 1367 1263 1407 ἀκοῦσαι,
1301 1369 1351 1403 ὅτι
1385 1368 1468 1403 οὐδὲ
1506 1369 1542 1402 τὸ
1580 1383 1658 1413 χρη-

1023 1418 1219 1458 ματίζεσθαι
1243 1416 1355 1457 φατὸν
1372 1416 1571 1450 διακωλύειν
1597 1421 1657 1449 ού-

1023 1462 1090 1495 δέι·.
1116 1464 1259 1495 Lachet.
1285 1475 1318 1505 p.
1336 1464 1413 1498 184.
1440 1465 1480 1496 B.
1519 1464 1572 1495 De
1590 1464 1657 1496 Re-

1022 1510 1118 1551 publ.
1151 1510 1211 1541 Vl.
1244 1520 1277 1551 p.
1307 1509 1385 1544 491.
1413 1510 1453 1542 Β.
1479 1510 1598 1551 Lysid.
1622 1520 1658 1551 p.

308 1325 403 1365 quod
440 1324 598 1356 efficiunt
633 1325 700 1367 (τῷ
735 1324 893 1368 ἐπιπέδῳ,
935 1323 955 1356 ἂ

309 1368 496 1411 δύνανται),
524 1373 719 1403 mensurari
745 1374 931 1413 possunt.‘'·

352 1415 451 1454 μετὰ
477 1415 520 1447 δὲ
548 1414 707 1458 ταύτην
734 1416 839 1449 τοὺς
860 1418 956 1457 τρὶς

307 1459 611 1504 ηὐξημένους]
683 1464 785 1495 Libri
835 1474 955 1495 omnes

312 1513 409 1550 τρεῖς.
461 1508 563 1547 Quod
589 1511 623 1541 in
655 1512 725 1550 τρίς
750 1511 953 1542 mutandum

308 1556 416 1587 fuisse
447 1567 501 1587 res
528 1558 605 1596 ipsa
630 1556 808 1599 loquitur-3
845 1569 876 1587 v.
910 1557 954 1588 ad

309 1602 444 1633 Theaet
480 1613 512 1643 p.
541 1601 617 1636 147.
644 1602 687 1633 D.
716 1613 792 1644 sqq.
832 1604 948 1644 Atque

306 1648 356 1679 ita
392 1653 473 1689 post
506 1649 534 1679 Ι.
574 1648 819 1679 Bekkerum
862 1650 947 1680 scri-

305 1700 450 1734 pserunt
490 1696 612 1734 nuperi
645 1696 798 1726 editores
833 1696 877 1726 ad
909 1705 947 1725 u-

306 1750 386 1770 num
414 1750 544 1770 omnes.

353 1783 453 1816 τούς
480 1784 520 1816 δὲ
547 1780 794 1823 ἀνομοίους
830 1780 880 1816 αὖ
909 1804 947 1808 -

306 1830 431 1872 ἑτέρᾳ
455 1842 480 1865 τ,
509 1827 635 1872 ὁμοίᾳ
662 1831 704 1871 a]
734 1831 775 1864 H,
799 1841 827 1862 e.
855 1831 947 1862 alia

305 1876 399 1908 item
427 1882 537 1917 arte,
563 1878 694 1908 simili
721 1882 760 1908 et
786 1887 892 1917 cogn
909 1888 944 1908 a·

304 1927 348 1954 ta
382 1922 436 1961 ei,
477 1934 599 1964 quam
633 1923 816 1954 scilieet
848 1933 944 1963 geo-

305 1970 502 2000 metriam
530 1975 763 2009 vocarunt,
803 1970 943 2009 quiin

304 2016 441 2056 ipsam
466 2016 749 2047 incidissent.
801 2015 854 2045 Ex
876 2026 945 2056 qua

302 2062 592 2101 interpretatione
624 2067 747 2103 sponte
776 2061 941 2101 intelligi-

303 2112 379 2142 tur,
413 2118 475 2138 uec
514 2104 642 2145 ὁμοιοῖ,
688 2107 780 2148 quod
818 2108 940 2148 optimi

303 2154 402 2184 codd.
429 2163 492 2194 pro
523 2150 624 2196 ὁμοίᾳ
651 2153 832 2192 exhibent,
867 2154 940 2184 ullo

301 2199 406 2230 modo
435 2201 651 2239 probandum
677 2208 768 2237 esse,
796 2209 858 2230 uec
877 2210 940 2240 pro

303 2247 507 2285 γεωμετρίαν
539 2247 643 2278 scribi
669 2247 772 2277 licere
806 2255 939 2285 στερεο-

301 2291 453 2331 μειριάν,
486 2293 579 2333 quod
609 2294 743 2334 aliquot
771 2291 847 2321 libri
879 2292 939 2323 ha-

303 2337 395 2368 beut.
444 2337 661 2380 Quamquam
688 2340 791 2370 etiam
822 2337 940 2368 Theo

303 2382 469 2424 Sniyrn.
520 2395 552 2425 p.
590 2385 642 2418 1⁸2.
686 2385 941 2425 σιερεομετρίαν

304 2429 406 2461 καλεῖ.

349 2475 389 2506 Ε.
441 2473 460 2506 ὅ
494 2474 536 2506 δὲ
566 2473 694 2505 θεῖόν
722 2472 750 2505 τ’
783 2473 871 2506 ἐστὶ
899 2494 940 2497 —

304 2518 670 2562 διανοουμένοις]
702 2522 863 2553 Αεῐίιιῐι]
885 2520 939 2551 liic

302 2567 450 2607 mireris,
476 2568 532 2608 qui
564 2566 759 2598 Vicinum
787 2565 863 2598 τόδε
891 2566 937 2597 le-

303 2613 395 2651 gisse
421 2615 628 2654 suspicatur,
647 2625 749 2654 quum
765 2614 936 2654 interpres

303 2658 388 2688 nihil
416 2660 481 2690 uisi
512 2661 718 2691 seutentiam
751 2660 937 2691 verborum

301 2704 502 2737 reddiderit.
576 2706 627 2737 De
675 2706 935 2737 constructione

300 2760 330 2780 v.
371 2750 476 2782 Plat.
515 2751 764 2792 Euthydem.
792 2762 824 2792 p.
851 2750 929 2785 304.

1022 1555 1102 1589 204.
1134 1555 1179 1587 D.
1214 1557 1258 1587 al.
1294 1557 1409 1597 Vulgo
1457 1557 1659 1597 intelligunt

1018 1601 1120 1632 τοῦτο’
1148 1600 1248 1633 ἐστιν.
1287 1601 1356 1642 Sed
1385 1613 1416 1636 v.
1444 1603 1656 1634 Matthiae

1018 1647 1078 1679 Gr.
1108 1647 1167 1679 Gr.
1194 1648 1316 1689 §.432
1335 1649 1366 1682 5.
1395 1654 1483 1681 extr.
1502 1667 1544 1672 —
1569 1651 1659 1680 tois

1018 1693 1321 1734 ἐγκαθοριῦσι,
1361 1705 1445 1726 rem
1484 1697 1657 1736 perspi-

1018 1740 1251 1771 cientibus.

1064 1781 1116 1816 ώς
1144 1782 1304 1825 περὶτὰ
1332 1782 1564 1816 διπλάσιον
1591 1780 1656 1816 ἀεὶ

1019 1841 1104 1870 στρ.
1133 1849 1171 1853 -
1201 1829 1349 1872 φύσις]
1401 1831 1452 1862 De
1478 1831 1545 1862 hoc
1577 1831 1655 1863 loeo

1015 1877 1091 1908 Bul
1105 1878 1129 1907 li
1145 1878 1270 1909 aldus
1297 1878 1340 1908 ad
1359 1876 1496 1908 Theon.
1516 1876 1654 1919 Smyrn.

1014 1933 1046 1963 Ρ.
1082 1923 1158 1956 209.
1191 1925 1239 1955 ita
1271 1928 1542 1955 commentatur:
1580 1923 1655 1962 „ln

1012 1969 1224 2010 Epiuomide
1262 1979 1342 2000 vero
1386 1969 1452 2000 hoc
1495 1969 1653 2001 divinum

1012 2021 1045 2045 et
1076 2016 1234 2047 mirabile
1267 2026 1342 2047 esse
1381 2016 1446 2053 ait,
1493 2025 1653 2047 omnem

1011 2067 1208 2093 naturam
1235 2062 1471 2093 efformari
1495 2063 1534 2092 in
1554 2071 1652 2093 ana-

1010 2108 1146 2149 logiis
1185 2108 1383 2148 singulis
1418 2117 1553 2149 penes
1587 2117 1651 2148 ge-

1008 2163 1084 2185 nus
1111 2158 1151 2185 et
1177 2155 1369 2194 species,
1390 2152 1588 2194 potentia
1617 2157 1651 2183 et

1007 2199 1298 2240 longitudine
1329 2200 1445 2230 circa
1471 2198 1649 2239 duplum

1007 2245 1306 2276 versantibus.
1375 2243 1442 2274 Per
1478 2253 1649 2275 omnem

1005 2296 1206 2322 naturam
1258 2289 1455 2330 intelligere
1508 2295 1650 2330 oportet

1010 2337 1287 2376 magnitudinum
1313 2336 1459 2376 specics,
1485 2346 1574 2376 quae
1590 2346 1648 2377 ge-

1011 2388 1177 2414 nerantur
1205 2384 1256 2413 vel
1283 2383 1463 2414 additione
1481 2382 1535 2412 vel
1561 2383 1647 2414 rnul-

1008 2429 1240 2468 tiplieatioue:
1267 2429 1360 2460 linea
1384 2428 1580 2466 additione3
1618 2429 1646 2460 si

1009 2476 1099 2505 enim
1133 2475 1276 2516 unitati,
1317 2484 1406 2516 quae
1438 2478 1568 2515 puncto
1600 2475 1646 2505 si-

1007 2521 1097 2551 milis
1131 2527 1198 2561 est,
1233 2522 1347 2552 unitas
1398 2520 1566 2555 addatur.
1608 2519 1647 2551 fit

1007 2566 1179 2607 binarius,
1217 2568 1274 2608 qui
1311 2567 1452 2597 linearis
1493 2570 1545 2596 est
1574 2575 1643 2597 ma·

1006 2614 1170 2651 gnirudm
1205 2617 1364 2644 vei-satur
1396 2621 1478 2652 ergo
1512 2611 1642 2651 produ-

1007 2660 1075 2689 ctio
1110 2660 1223 2691 lineae
1259 2660 1350 2691 cirea
1385 2657 1543 2698 duplum;
1590 2663 1643 2689 est

1004 2706 1096 2737 enim
1129 2706 1160 2739 2.
1195 2706 1319 2746 duplus
1350 2703 1394 2736 ad
1420 2703 1450 2737 1.
1487 2701 1639 2743 Superst-

1003 2751 1071 2783 eies
1107 2754 1209 2784 etiam
1242 2749 1420 2792 generatio
1463 2754 1516 2780 est
1547 2749 1639 2781 eirca
