1781 2971
582 158 753 202 1111ssss
790 160 961 202 Nom,
1436 163 1452 198 ῖ

99 269 308 326 spondet,
352 279 397 312 ut
437 285 529 313 sese
574 273 689 316 dicat
735 289 848 315 nunc
891 288 976 314 non
1024 273 1131 315 vellc
1175 272 1292 338 leges
1325 273 1452 328 plen<

99 330 388 397 perscribere,
442 330 520 372 sed
561 330 614 372 de
654 345 799 373 eanum
840 331 1081 373 rationibus
1121 330 1375 384 caussisque
1408 331 1452 372 li-

100 389 267 431 beriore
309 402 505 430 sermone
547 387 793 443 disputare:
837 403 964 443 porro
1021 387 1140 444 leores
1188 401 1337 429 omnes
1396 388 1454 428 ita

99 451 370 501 comparatas
411 459 506 487 esse.
550 452 776 500 oportere,
821 453 867 486 ut
906 445 1089 486 maxime
1132 444 1187 486 ad
1229 445 1344 486 cives
1376 443 1451 486 do-

98 503 258 544 cendos
299 500 650 556 erudiendosque
691 502 884 547 valeant:
937 502 1142 565 quocirca
1187 515 1319 555 quum
1359 500 1453 543 aliis

97 560 271 615 scriptis
301 569 392 600 tum
434 558 500 600 his
540 559 748 614 imprimis
779 557 819 598 id
853 557 1125 613 propositum
1154 571 1248 600 esse
1280 557 1452 609 debere,

99 623 143 657 ut
173 616 346 658 virtutis
383 614 575 656 studium
627 614 896 667 honesteque
938 613 1109 655 vivendi
1143 615 1252 655 ratio
1284 614 1453 656 civibus

98 688 224 726 quam
263 673 516 729 gravissime
566 669 893 712 commendetur
935 672 1002 725 (p.
1045 672 1140 712 857.
1183 671 1236 712 A.
1271 695 1322 700 —-
1355 671 1448 711 850.

97 729 266 782 C.).-
328 728 410 769 His
454 742 556 768 vero
588 727 825 783 expositis,
865 733 915 768 ut
946 727 1072 783 plane
1105 734 1324 768 removeat
1359 726 1427 768 Cli

96 786 191 826 niae
245 784 588 849 dubitationem,
645 783 698 825 de
749 784 974 825 criminum
1023 783 1273 826 discrimine
1320 790 1450 838 atque

98 841 249 898 poenis
299 842 549 883 accuratius
602 839 819 882 dissere1e
860 841 1058 882 instituit.
1141 840 1200 881 Et
1250 842 1450 882 universo

95 897 269 953 quidem
306 906 477 950 monet,
515 897 766 939 discrimina
806 913 979 949 eorum,
1022 898 1064 938 in
1097 898 1256 952 quibus
1290 899 1449 939 consti-

96 955 270 997 tuendis
301 956 532 1010 pleraeque
568 954 686 1011 leges
727 970 993 1019 magnopere
1025 962 1225 1019 peccent,
1260 955 1448 1010 penden

95 1012 277 1054 maxime
318 1011 494 1065 exinde,
551 1019 600 1053 ut
639 1026 750 1066 quae
791 1013 847 1053 sit
887 1012 991 1053 iusti
1025 1020 1068 1052 et
1099 1011 1248 1053 iniusti
1280 1017 1448 1062 natura,

96 1076 295 1112 accurate
334 1080 611 1125 perspectum
651 1068 876 1110 habeatur.
947 1069 1037 1109 lam
1085 1083 1187 1110 vero
1238 1068 1449 1110 iustitiam

93 1125 281 1168 ostendit
320 1126 374 1168 ab
421 1126 622 1168 omnibus
652 1125 867 1166 communi
900 1125 1062 1166 iudicio
1095 1125 1296 1189 pulcrum·
1324 1124 1448 1179 quid-

93 1183 191 1224 dam
234 1182 394 1225 haberi.
468 1183 536 1224 Ex
587 1197 673 1236 quo
722 1182 914 1238 colligit
966 1197 1054 1223 non
1107 1181 1236 1223 modo
1287 1182 1448 1223 iustum

92 1241 246 1288 tacere,
277 1238 353 1282 sed
382 1240 509 1281 etiam
547 1240 712 1280 iustum
744 1239 835 1293 pati
867 1239 1065 1303 pulcrum
1097 1237 1305 1293 quiddam
1337 1253 1447 1291 esse,

92 1311 352 1351 quamquam
382 1311 434 1337 ea
465 1296 518 1337 de
550 1311 595 1337 re
619 1296 752 1350 vulgo
782 1296 906 1337 aliter
923 1296 1147 1338 sentiatur.
1209 1294 1299 1338 Sed
1333 1302 1447 1337 recte.

93 1354 152 1394 ita
200 1352 405 1406 iudicari,
449 1352 552 1394 inde
593 1368 804 1408 apparere
843 1353 1100 1405 arbitratur,
1153 1351 1270 1405 quod
1318 1367 1447 1394 nemo

92 1425 170 1451 sua
210 1418 365 1465 sponte
411 1410 548 1451 malus
580 1411 652 1461 sit,
686 1425 738 1451 ne
769 1410 958 1452 iniustus
992 1409 1181 1464 quidem.
1245 1408 1342 1451 Hoc
1372 1424 1446 1450 au-

89 1476 172 1508 tem
205 1481 338 1520 quum
370 1467 508 1508 ita-se
539 1466 713 1520 habeat,
735 1467 892 1521 inquit,
925 1467 1127 1509 dubitare
1149 1480 1253 1508 sane
1281 1466 1443 1513 licebit,

90 1523 194 1577 quid
245 1522 297 1563 de
337 1538 484 1564 eorum
534 1524 697 1564 ratione
746 1523 928 1565 iudicari
967 1530 1191 1579 oporteat,
1234 1523 1305 1577 qui
1336 1524 1447 1565 inter

90 1579 270 1620 crimina
317 1580 561 1620 voluntaria
616 1586 746 1633 atque
796 1586 956 1621 temere
1007 1591 1052 1622 et
1087 1579 1330 1621 inconsulte
1372 1579 1445 1621 ad*

90 1636 219 1678 missa
258 1635 613 1692 distinguendum
653 1651 747 1678 esse
779 1643 981 1689 censent,
1023 1636 1208 1690 ideoque
1240 1636 1324 1677 illis
1356 1651 1445 1677 ma-

90 1695 224 1741 iores,
273 1693 339 1735 his
377 1695 580 1745 minores,
628 1708 791 1747 poenas
835 1693 1047 1735 constitui
1079 1693 1243 1735 volunt.
1305 1692 1446 1734 Nimi-

62 1765 179 1799 *rum
222 1759 288 1791 est
327 1766 430 1792 sane
471 1751 596 1791 aliter
635 1749 688 1791 de
731 1750 883 1792 horum
924 1750 1152 1792 ciiminum
1192 1749 1445 1791 diversitate

90 1805 383 1860 iudicandum,
427 1822 556 1862 quam
589 1807 717 1864 vulgo
759 1807 852 1849 fieri
885 1807 1059 1849 assolet.
1121 1807 1292 1848 Etenim
1327 1806 1443 1861 quod

89 1864 205 1906 cives
246 1864 413 1906 civibus
457 1865 499 1906 in
546 1865 762 1906 communi
803 1865 894 1906 vita
939 1865 1045 1906 varii
1085 1864 1257 1920 generis
1288 1863 1445 1905 damna

91 1921 154 1961 vel
209 1921 407 1963 consulto
463 1922 529 1963 vei
580 1937 655 1975 per
706 1921 1041 1977 imprudentiam
1092 1922 1306 1973 inferunt,
1359 1936 1443 1962 non

89 1984 296 2042 protenus
335 1977 669 2020 existimandum
712 1986 806 2027 est,
848 1978 1036 2032 quodvis
1073 1978 1275 2019 damnum
1316 1978 1442 2018 etiam

89 2049 182 2075 esse
213 2034 436 2088 iniuriam,
469 2034 657 2088 ideoque
692 2036 827 2089 ipsam
863 2051 1036 2090 quoque
1067 2035 1267 2076 iniuriam
1301 2033 1444 2089 dupli-

88 2090 149 2131 cis
188 2105 282 2133 esse
322 2092 505 2147 generis.
577 2093 668 2133 Imo
700 2091 905 2133 damnum
949 2093 1000 2133 ab
1044 2092 1207 2134 iniusto
1251 2091 1442 2133 facinore

89 2147 222 2200 probe
267 2155 334 2189 est
375 2147 723 2190 discernendum.
791 2149 890 2191 Hoc
933 2164 1035 2191 vero
1069 2150 1103 2190 si
1139 2156 1254 2190 recte
1288 2148 1347 2188 ita
1381 2149 1443 2190 iu-

88 2202 270 2258 dicatur,
302 2205 446 2261 legum
488 2214 639 2247 auctor
679 2205 909 2259 damnum,
962 2205 1079 2261 quod
1130 2206 1227 2260 quis
1277 2204 1441 2257 fecerit,

90 2262 283 2302 resarciri
332 2262 513 2304 iubebit
600 2263 804 2303 Iniuriam
864 2269 1007 2304 autem
1060 2278 1137 2317 pro
1186 2268 1442 2317 argumento

90 2315 262 2359 habebit
302 2318 430 2360 animi
470 2320 592 2374 gravi
633 2319 778 2374 aliquo
813 2320 964 2362 morbo
1014 2319 1267 2361 laborantis.
1314 2333 1462 2371 quem,

89 2374 226 2414 sanari
259 2382 468 2429 oporteat
531 2375 663 2428 Quod
695 2377 837 2430 ipsum
876 2377 1050 2418 efficele
1089 2366 1324 2417 conabitur
1350 2390 1440 2417 ver-

89 2428 153 2471 bis
196 2437 239 2471 et
284 2432 432 2484 factis,
484 2432 708 2475 doloribus
749 2441 788 2474 et
835 2433 1158 2489 xoluptatibus,
1237 2432 1357 2473 oenis
1398 2441 1438 2473 et

88 2487 316 2554 praemiis,
373 2489 559 2553 aliisque
611 2489 653 2531 id
704 2505 842 2545 genus
906 2488 1104 2543 remediis
1167 2488 1440 2531 achibendis.

88 2543 162 2584 Sin
197 2551 341 2586 autem
371 2546 606 2587 iniustitiae
647 2547 822 2588 morbus
855 2562 1029 2601 prorsus
1063 2545 1315 2589 insanabilis
1349 2546 1439 2587 fue-

85 2599 166 2642 rit.
208 2607 297 2642 tum
341 2616 440 2644 vero
493 2617 578 2644 non
619 2602 837 2645 dubitabit
891 2604 1045 2645 vulnus
1091 2618 1193 2645 ense
1244 2617 1439 2644 resecate

87 2662 214 2711 atque
247 2656 355 2699 adeo
391 2664 533 2701 utetu·
554 2660 705 2701 ultimo
729 2660 960 2715 supplicio,
995 2677 1080 2715 quo
1103 2660 1238 2715 pestis
1259 2659 1438 2715 patriae,

86 2714 118 2753 Si
168 2730 250 2767 qua
293 2714 519 2763 ins-oderit
581 2718 755 2772 penitus
797 2716 847 2756 sle
891 2717 1033 2759 undio
1077 2717 1266 2757 tollitur.
1338 2715 1438 2767 Quo
