1781 2971
265 148 350 193 DE
386 147 663 193 LEGIBUS
701 148 818 191 LIB.
852 147 934 191 XI.
973 149 1018 190 P.
1053 149 1148 192 915.
1183 147 1248 191 St.
1374 148 1455 190 255

95 265 258 324 ἡμέρας
309 267 460 323 λαβών
500 267 644 311 ἀπίτω
691 267 744 310 τα
786 268 967 318 ἑαυτοῦ,
1016 268 1087 310 καὶ
1139 267 1328 321 μηδεμία
1376 266 1453 317 τῆς

92 335 234 389 μονῆς
270 340 534 391 παραίτησις
567 337 629 378 ἔτι
667 333 812 390 τούτῳ
835 333 933 387 παρ’
955 332 1189 391 ἀρχόντων
1218 335 1457 389 γιγνέσθω.
1495 328 1533 370 C

92 399 173 444 ἐὰν
218 404 262 445 δέ
305 418 371 452 τις
417 402 628 444 ἀπειθῶν
662 403 838 452 τούτοις
879 404 1104 458 εὶςαχθεὶς
1152 405 1211 450 εἰς
1256 397 1462 452 δικαστή-

92 485 192 526 ριον
227 466 368 529 ὄφλῃ,
417 468 614 524 θανάτῳ
652 486 698 513 τε
734 468 996 523 ζημιούσθω
1042 470 1114 510 καὶ
1163 466 1216 509 τα
1251 467 1461 524 χρήματα

91 535 235 579 αὑτοῦ
271 538 493 591 γιγνέσθω
533 535 738 590 δημόσια.
772 539 889 579 δίκαι
925 535 957 578 δ’
998 539 1194 578 ἔστωσαν
1223 535 1391 577 τούτων
1413 539 1459 576 ἐν

91 611 191 654 ταῖς
227 606 504 663 φυλετικαῖσι
538 606 690 653 δίκαις,
729 601 807 647 ἐὰν
842 600 902 658 μὴ
944 602 1160 658 πρότερον
1197 606 1241 643 ὲν
1266 606 1457 656 γείτοσιν

89 668 118 722 ἢ
156 675 202 713 ἐν
237 675 449 726 αἰρετοῖσι
487 673 714 720 δικασταῖς
757 667 1135 711 ἀπαλλάττωνται
1172 666 1284 722 πρὸς
1316 667 1455 720 αλλή-

91 739 194 786 λους
226 740 314 780 τῶν
346 734 644 791 ἐγκλημάτων.
677 735 791 779 Ἐὰν
840 738 885 779 δὲ
921 733 979 785 ὡς
1017 734 1162 778 αὑτοῦ
1198 734 1455 794 ἐφάπτηται

90 803 202 856 ζώου
228 806 299 847 καὶ
326 800 520 846 ὁτουοῦν
544 801 570 856 ἦ
599 820 720 854 τινος
749 807 901 859 ἑτέρου
924 805 1010 845 τῶν
1034 800 1176 845 αὐτοῦ
1199 801 1454 857 χρημάτων,

87 871 288 925 ἀναγέτω
324 873 404 926 μὲν
440 869 463 914 ὁ
501 875 610 926 ἔχων
646 875 705 922 εἷς
741 871 950 927 πρατῆρα
991 866 1013 922 ἢ
1052 868 1130 912 τὸν
1155 868 1294 913 δόντα
1330 868 1452 921 ἀξιό-

85 937 226 994 χρεών
262 955 307 982 τε
342 940 415 981 καὶ
454 941 625 982 ἔνδικον
657 936 684 991 ἦ
721 955 808 981 τινι
843 935 994 992 τρόπῳ
1031 935 1296 992 παραδόντα
1334 934 1455 991 ἄλλῳ

88 1022 258 1061 κυριως,
294 1010 354 1056 εἰς
387 1009 467 1061 μὲν
503 1007 690 1058 πολίτην
732 1002 758 1059 ἢ
805 1008 877 1047 καὶ
926 1010 1131 1059 μέτοικον
1182 1007 1270 1047 τῶν
1317 1009 1363 1047 ὲν
1400 1005 1452 1064 τῆ

89 1071 214 1116 πόλει
261 1070 435 1128 ἡμερῶν
474 1089 740 1129 τριακοντα,
790 1077 849 1122 εἰς
894 1074 938 1115 δὲ
986 1071 1159 1124 ξενικὴν
1204 1070 1457 1128 παραδοσιν

89 1144 214 1183 πέντε
256 1141 432 1195 μηνῶν,
478 1135 529 1192 ἧς
563 1144 693 1195 μέσος
729 1137 751 1183 ὁ
789 1138 900 1196 μήν,
934 1144 980 1182 ὲν
1016 1157 1050 1194 ῳ
1088 1143 1290 1194 τρέπεται
1327 1141 1455 1195 θερι·

87 1205 165 1258 νὸς
198 1206 322 1261 ἣλιος
354 1224 413 1257 εις
451 1206 505 1249 τα
538 1205 777 1263 χειμεοινοέ.
834 1205 943 1250 Οσα
972 1208 1027 1249 δὲ
1074 1205 1147 1249 διοὶ
1185 1223 1305 1257 τινος
1340 1205 1458 1258 ὠνῆς

181 1315 220 1348 C.
250 1316 370 1348 δίκαι
398 1313 439 1347 δ’
465 1317 678 1360 ἴστωσαν]
714 1318 794 1350 A.x.
823 1321 858 1349 et
884 1327 994 1358 marg.
1020 1317 1070 1349 Ω.
1098 1316 1213 1349 δίκαια
1242 1312 1274 1348 δ’
1295 1315 1455 1348 ἔστωσαν.

88 1361 150 1393 sed
181 1372 213 1394 v.
241 1364 421 1404 explicatt.

180 1405 288 1446 ζώου
312 1408 381 1440 καὶ
416 1407 633 1451 ἆτουοῠν]
667 1405 802 1440 &moin
833 1409 878 1440 Α.
897 1419 929 1440 x.
970 1413 1004 1441 et
1040 1418 1089 1450 pr.
1125 1408 1173 1439 Ω.
1224 1408 1315 1440 Dein
1349 1408 1453 1449 vulgo

87 1453 153 1485 τῶν
177 1453 302 1486 αὐτοῦ.
331 1455 496 1487 Correxit
522 1455 683 1488 Sciineid.

806 1545 913 1588 grinis
931 1546 1044 1578 iocum
1062 1545 1185 1585 habet3
1212 1556 1241 1577 v.
1261 1545 1290 1577 1
1294 1545 1357 1577 ihr.
1374 1544 1452 1577 XH-

807 1603 838 1648 Ρ
867 1592 944 1626 952.
973 1592 1012 1623 D.
1016 1592 1057 1623 E.
1087 1592 1171 1624 Dein
1194 1591 1453 1636 expectaveris:

804 1640 854 1668 ὡι
883 1641 990 1679 μέσος
1027 1636 1044 1668 o‘
1079 1636 1148 1679 μήν
1184 1639 1255 1669 κτλ.
1308 1637 1378 1669 Sed
1412 1639 1453 1677 ἧς

87 1544 171 1578 sibi
198 1545 445 1587 vindicare,
479 1557 597 1580 suum
635 1557 739 1579 esse

86 1601 259 1624 asserere.
308 1592 508 1625 Formulam
543 1593 599 1625 καὶ
634 1592 738 1624 ὁτου-

86 1640 149 1667 οῦν
173 1638 354 1679 attigimus
379 1639 422 1670 ad
447 1642 552 1681 Apoi.
572 1639 674 1671 Socr.
703 1649 735 1681 p.

85 1682 142 1717 35.
184 1683 222 1715 B.
273 1684 366 1716 Male
404 1685 482 1720 Par.
512 1687 557 1718 A.
593 1684 736 1716 ὁτωοῦν.

89 1729 239 1762 Verbum
270 1725 414 1773 α’νοίγειν
448 1741 515 1764 non
549 1735 603 1764 est
638 1741 682 1764 re
696 1730 732 1763 d-

85 1774 248 1815 hibere,
275 1780 313 1808 ut
338 1779 428 1809 male
450 1779 733 1820 interpretantur,

85 1821 146 1853 sed
173 1821 206 1854 in
231 1822 306 1855 iure
331 1825 446 1856 Attico
474 1824 643 1866 siguificat
663 1824 730 1855 ab·

86 1869 234 1908 legare
260 1878 362 1907 eum,
388 1870 458 1911 qui
480 1880 560 1902 rem
587 1880 731 1911 quam-

84 1913 198 1955 piam
236 1917 444 1955 tanquam
481 1925 598 1948 snam
636 1926 654 1947 a
692 1921 733 1948 te

83 1959 269 2000 repetit,
305 1960 356 1992 ad
389 1965 631 2001 auctorem,
664 1961 741 2006 qui-

84 2007 375 2047 mancipavit‚
403 2011 449 2038 ut
474 2007 509 2040 is
535 2008 730 2040 auctori-

83 2055 216 2084 tatem
280 2062 399 2085 suam
477 2053 732 2095 interponat

83 2098 572 2140 possessionemque
602 2105 729 2131 tuam

84 2146 240 2175 contra
295 2143 420 2176 iliius
468 2145 730 2178 vindicatio-

84 2199 182 2221 nem
241 2192 433 2223 tueatur.
483 2191 729 2234 Harpocra-

84 2235 148 2267 tio
175 2245 202 2268 s
219 2244 250 2268 v.
276 2231 493 2278 Ἀνιίγειν·
519 2235 562 2269 τὸ
588 2237 732 2279 μηιύειν

85 2278 151 2312 τόν
179 2280 381 2323 πεπρακότα
419 2282 478 2314 και
507 2283 559 2315 ἐπ’
608 2282 731 2314 ἐκεῖνον

84 2325 182 2357 ἰέναι.
209 2326 506 2360 chhfimann.
533 2329 575 2361 ad
593 2329 729 2362 Isaeum

86 2382 120 2413 p.
146 2371 227 2406 445.
278 2372 361 2405 Mox
395 2374 454 2410 εἰς
489 2375 531 2406 δὲ
564 2372 733 2415 ἕενικην

85 2416 338 2458 παράδοσιν
363 2419 386 2450 i
411 2429 443 2460 q.
470 2420 515 2456 alc
542 2421 634 2456 ξένον
658 2431 730 2452 πα-

83 2463 249 2505 ραδόντα,
274 2466 462 2505 abstracto,
491 2466 584 2507 quod
604 2466 732 2507 dicunt,

84 2519 148 2551 pro
172 2520 226 2552 eo,
252 2510 342 2552 quod
370 2516 494 2543 vocant
520 2517 732 2557 concretum,

85 2556 216 2597 posito.
268 2556 451 2598 Loquendi
476 2567 584 2599 genus
615 2559 733 2601 attigi-

86 2611 162 2633 mus
186 2611 218 2634 m
244 2603 522 2644 prolegomenis.
553 2604 590 2637 V
625 2604 665 2636 ΙΙ.
700 2616 732 2647 p.

86 2646 251 2679 IXXIV.

131 2695 258 2725 πέντε
289 2693 451 2735 μηνῶν]
485 2695 602 2726 intra
627 2705 732 2736 qnos

85 2739 221 2772 scilicet
246 2740 489 2772 commercium
522 2750 597 2771 rum
633 2752 729 2784 pere-

804 1684 968 1716 liberiore
1007 1687 1179 1715 structura
1218 1683 1368 1715 refertur
1408 1683 1451 1714 ad

803 1728 996 1771 παρα’δοσεν
1012 1728 1154 1770 ξενικήν,
1176 1734 1209 1760 ut
1222 1729 1451 1771 significetur,

803 1776 833 1807 in
862 1776 1012 1807 medium
1039 1776 1122 1807 iliud
1141 1781 1293 1817 tempus,
1319 1785 1387 1816 quo
1413 1785 1451 1806 ea

803 1822 876 1854 fieri
900 1822 1030 1863 possit,
1064 1831 1216 1854 mensem
1246 1823 1338 1854 illum
1367 1821 1451 1852 inci-

806 1867 907 1908 dere⁷
939 1878 1006 1908 quo
1033 1868 1084 1899 sol
1114 1869 1268 1901 aestivus
1295 1866 1336 1900 ad
1373 1868 1451 1898 brn-

802 1923 894 1945 mam
922 1914 1154 1954 convertitur3
1172 1914 1214 1945 de
1236 1924 1305 1955 quo
1333 1923 1452 1945 mense

803 1969 834 1990 v.
863 1960 918 1991 ΙΗ.
950 1970 982 2001 p.
1010 1959 1088 1993 683.
1117 1959 1155 1993 C.
1190 1960 1288 1992 Unde
1314 1960 1451 2000 perspi—

802 2015 902 2037 cuum
929 2015 1007 2037 esse
1034 2005 1151 2045 debet,
1176 2007 1349 2045 quodnam
1376 2005 1453 2036 anni

801 2056 934 2093 tempus
946 2051 1165 2092 significetur.
1183 2052 1346 2084 Ceterum
1363 2061 1453 2091 quae

802 2097 857 2128 hic
883 2096 926 2128 de
952 2098 1124 2129 evictione
1149 2098 1180 2129 in
1209 2097 1391 2130 vendendo
1417 2102 1451 2128 et

800 2153 962 2184 regressu
993 2143 1036 2176 ad
1070 2144 1286 2177 venditorem
1327 2143 1447 2185 dispu-

799 2193 940 2228 tantur,
971 2199 1011 2221 ea
1039 2191 1112 2230 ipsa
1139 2200 1276 2231 qnoque
1301 2200 1447 2222 consen-

799 2243 902 2266 tanea
929 2246 1008 2268 esse
1033 2236 1097 2268 iuri
1123 2237 1262 2274 Attico,
1295 2236 1449 2268 ostendit

802 2281 1074 2313 Hermannus
1114 2282 1163 2314 De
1197 2284 1346 2324 vestigg.
1383 2286 1447 2312 etr.

800 2338 832 2369 p.
865 2327 920 2360 65.
953 2327 1008 2368 qni
1039 2337 1114 2360 eam
1149 2329 1182 2359 in
1209 2338 1279 2360 rem
1313 2327 1449 2359 confert

804 2373 930 2405 Petit.
981 2372 1090 2415 Legg.
1140 2377 1208 2405 Att.
1250 2374 1294 2405 V.
1335 2373 1375 2413 3,
1414 2373 1445 2406 l.

802 2429 835 2460 p.
865 2417 936 2452 460
961 2429 1012 2459 sq.
1050 2419 1231 2452 Heraidi
1266 2419 1370 2452 Obss.
1404 2419 1446 2451 ad

801 2464 857 2497 lus
882 2466 958 2496 Att.
985 2468 1020 2496 et
1044 2464 1148 2498 Rom.
1176 2465 1235 2499 IV.
1262 2465 1294 2499 3.
1323 2476 1356 2508 p.
1378 2465 1449 2500 282

801 2520 874 2551 sqq.
902 2510 1048 2542 Meier.
1085 2512 1245 2544 Process.
1275 2513 1376 2544 Attio.
1413 2522 1446 2554 p.

800 2556 880 2590 523.
909 2559 942 2588 et
974 2556 1166 2589 Piatner.
1191 2558 1353 2591 process.
1377 2560 1445 2590 ΛΗ,

803 2603 843 2634 Τ.
871 2602 920 2633 II.
949 2612 979 2644 p.
1007 2600 1076 2636 343
1101 2613 1174 2645 sqq.

850 2695 889 2726 D.
916 2693 1014 2726 ιὈΓΗῑ
1052 2694 1095 2724 M
1136 2693 1206 2725 διά
1244 2705 1366 2729 τινος
1405 2691 1447 2723 οἶ-

804 2741 873 2780 urse
900 2741 966 2781 ——]
1007 2740 1112 2773 Quod
1146 2741 1313 2782 praec-ipit
1347 2739 1448 2771 1³:010

1499 873 1542 914 Ι)
