1781 2971
235 368 313 407 Sei?

333 178 424 220 '176

852 175 1231 218 PLATONIS

348 311 440 346 σιν,
487 294 556 344 αἶς
591 292 796 347 ὀνόματά
833 297 922 334 ἐστι
957 291 1227 346 βούλεσθαι,
1270 294 1562 342 σκοπεῖσθαι,
1607 294 1696 333 ἐπι-

347 364 607 417 μελεῖσθαι,
652 358 978 413 βουλεύεσθαι,
1023 359 1218 410 δοξάζειν
1265 356 1441 413 ὀρθῶς,
1490 362 1698 415 ἐψευσμέ-

349 445 453 478 νως,
489 431 763 483 χαίρουσαν,
800 428 1104 479 λυπουμένην,
1140 424 1439 482 θαρῥοῦσαν,
1477 426 1699 482 ‹postumat-

351 568 394 590 no
430 557 473 590 de
512 556 625 589 anima
663 556 886 597 simpliciter,

351 613 434 635 vero
460 603 503 635 de
526 603 638 635 anima
665 602 846 634 mundana.

928 565 991 587 nec

898 600 993 639 Qua-

347 653 490 691 propter
517 658 579 680 nec
605 648 761 689 cuiquam
782 648 902 679 mirum
930 646 992 678 de-

347 696 407 727 bet
441 694 622 732 accidere,
652 693 755 733 -quod
790 703 828 724 ea
864 693 992 724 dicitur

344 738 498 778 ,δοξάζειν
525 739 644 782 ὀρθῶς
669 740 890 780 ἐψευσμένως,
915 738 992 778 χαί-

350 799 418 828 ρειν
451 786 587 824 λυπεῖν,
623 785 766 827 θαῤῥιῖν
799 787 993 826 φοβεῖσθαι

350 846 377 863 κ.
406 844 437 864 τ.
463 832 493 862 λ.
541 830 641 862 Talia
673 831 760 862 enim
788 830 818 861 in
845 831 992 862 animam

352 878 511 909 universe
525 880 714 918 spectatam
737 875 896 916 profecto
911 886 994 907 con-

355 923 514 962 veniunt,
553 921 612 954 sed
640 921 835 953 mundanae
861 922 994 953 animae

354 972 474 1010 utpote
517 968 669 1009 optimae
709 968 776 999 ista
822 967 996 1008 haudqua-

355 1024 456 1056 quam
508 1015 703 1045 tribuuntur
753 1014 880 1045 omnia.
942 1012 997 1043 De

354 1058 541 1101 asyndeto,
568 1059 624 1090 ubi
651 1059 821 1091 contraria
847 1058 1000 1099 aequali·

357 1113 409 1138 ter
446 1107 557 1137 locum
594 1103 755 1136 habentia
798 1106 997 1146 iunguntur,

358 1151 501 1183 solemni
527 1151 618 1183 conf.
649 1149 828 1192 Protagor.
858 1161 891 1193 p.
916 1149 995 1184 319.

359 1199 397 1229 D.
427 1194 557 1238 ὁμοίως
583 1196 615 1228 δὲ
638 1195 802 1236 χαλκεύς,
830 1194 995 1228 σκυτοτό-

356 1255 436 1284 μος,
462 1242 634 1285 ἔμπορος,
661 1241 862 1283 ναύκληρος,
888 1239 998 1273 πλού-

357 1300 444 1326 σιος,
478 1289 597 1329 πένης,
631 1291 806 1328 γενναῖος,
839 1286 995 1329 ἀγεννής,

354 1347 381 1365 κ.
420 1347 450 1365 τ.
487 1335 515 1366 λ.
566 1332 706 1367 Cicer.
742 1334 847 1365 Tunc.
884 1333 906 1364 l.
938 1333 994 1366 26.

357 1385 400 1412 ut
440 1380 601 1419 omnia,
640 1389 801 1420 supera
841 1380 999 1417 infera,

358 1426 498 1467 prima
534 1425 688 1456 ultima
724 1426 863 1458 media
892 1424 998 1457 vide-

359 1481 511 1503 remus.
541 1469 627 1502 Ibid.
658 1471 695 1502 V.
723 1471 786 1508 39..
820 1470 897 1506 114.
951 1473 1002 1502 At

360 1527 463 1550 vero
522 1517 628 1548 bona
685 1518 814 1555 mala,
869 1527 1001 1557 aequa

359 1563 526 1604 iniqua,
587 1561 771 1596 honesta
829 1563 1001 1605 turpia,

362 1609 490 1641 utilia
541 1608 784 1650 inutilia,
846 1618 1000 1650 magna

361 1666 514 1697 parva,
557 1658 743 1695 poterat.
789 1664 817 1685 v.
854 1655 998 1686 Beier.

361 1701 403 1733 ad
430 1702 543 1733 Cicer.
574 1700 624 1731 De
648 1699 737 1732 offic.
761 1701 783 1732 Ι.
800 1700 855 1734 17.
874 1712 905 1741 p.
920 1699 998 1734 134.

361 1747 496 1779 Kritz.
529 1746 572 1778 ad
601 1745 746 1777 Sallust.
776 1746 910 1780 Catilin.
939 1745 998 1778 Xl.

361 1793 394 1826 2.
445 1792 607 1824 Ceterum
640 1789 735 1832 ἄγειν
768 1796 801 1824 et
827 1790 1001 1833 περιάγειν

361 1838 404 1871 de
430 1840 544 1871 anima
571 1837 695 1869 dicitur
723 1839 828 1870 etiam
858 1847 937 1870 mox
964 1848 998 1880 p.

361 1882 438 1919 897.
466 1884 505 1917 C.
531 1895 563 1927 p.
590 1883 668 1917 898.
696 1883 736 1915 C.
764 1884 802 1917 D.
830 1886 872 1916 al.

408 1953 449 1986 P.
478 1952 557 1988 897.
606 1952 676 1983 καὶ
706 1950 872 1988 πάσαις,
899 1949 1003 1983 ὅσαι

362 1997 536 2031 τούτων
559 1997 617 2040 ——]
644 2002 777 2039 atque
802 1998 1001 2030 omnibus

362 2045 581 2084 motibus,
619 2044 689 2085 qui
730 2044 794 2076 his
828 2044 1001 2085 cognati

361 2095 493 2132 atque
533 2089 659 2132 primi
701 2089 1002 2122 secundarios

363 2142 502 2169 motus
521 2136 830 2169 adsciscentes
851 2135 1002 2174 omnia,

361 2192 468 2224 qnae
523 2181 575 2215 ad
631 2190 818 2222 corpora
869 2181 1002 2221 perti-

362 2233 484 2268 nent,
533 2227 584 2261 ad
636 2232 911 2269 augmentum
963 2230 1004 2258 et

364 2273 696 2307 decrementum
746 2278 789 2305 et
841 2272 889 2304 ad
939 2282 1002 2304 se-

365 2320 610 2353 cretionem
646 2322 688 2351 et
724 2317 1002 2351 coniunctio-

365 2376 458 2399 nem
484 2365 750 2407 perducunt.

410 2433 483 2464 καὶ
509 2435 656 2474 πᾶσιν,
689 2427 756 2470 οἷς
780 2430 890 2475 ψυχὴ
917 2430 1003 2474 χρ.]

364 2479 464 2512 Istud
496 2479 552 2511 καὶ
585 2482 688 2519 πᾶσι,
722 2478 813 2520 quod
847 2477 1005 2510 Astius

364 2529 464 2567 putat
499 2525 651 2567 positum
684 2535 762 2558 esse
794 2534 857 2566 pro
893 2521 1006 2554 πάντα

365 2571 438 2604 sive
465 2571 513 2607 εἰς
537 2570 663 2611 πάντα,
690 2576 727 2603 nt
752 2569 841 2603 adeo
867 2569 925 2601 ml
945 2579 1005 2601 ex·

364 2617 466 2659 pungi
494 2618 653 2655 voluerit,
678 2615 808 2658 pendet
833 2626 874 2647 ex
901 2625 1005 2657 supe-

367 2662 517 2694 rioribus
543 2663 621 2695 illis:
651 2663 729 2705 ἄγει
755 2663 816 2706 μὲν
841 2660 880 2701 δὴ
910 2659 1002 2701 ψυχὴ

365 2706 479 2740 πάντα
503 2721 530 2740 κ.
557 2721 587 2740 τ.
616 2709 646 2741 λ.
673 2712 778 2748 atque
800 2712 1006 2740 connecten-

368 2754 449 2786 dum
484 2757 539 2786 est
565 2764 642 2787 cum
681 2757 757 2791 ταῖς
780 2752 890 2793 αὐτῆς
915 2752 1004 2793 κινή-

1060 565 1161 588 σεσιν.
1188 555 1256 587 lam
1287 564 1368 587 vero
1389 554 1578 586 subiectum
1605 551 1700 595 ψυχή

1060 601 1220 642 quoniam
1249 605 1303 632 est
1336 600 1511 641 aliquanto
1538 599 1702 632 remotius

1060 656 1162 687 quam
1190 656 1253 687 pro
1279 646 1410 687 vulgari
1431 646 1592 686 loquendi
1618 655 1702 677 con-

1061 691 1245 723 suetudine
1277 701 1355 722 esse
1388 691 1571 729 debuerat,
1604 690 1700 723 dein-

1063 748 1144 779 ceps
1178 737 1352 778 pergitur:
1383 733 1436 774 οἷς
1468 735 1579 779 ψυχὴ
1611 748 1702 779 χρω-

1061 788 1144 825 μένη
1168 795 1196 813 κ.
1224 795 1254 813 τ.
1282 783 1309 813 λ.
1347 787 1385 814 ut
1420 793 1547 814 nomen
1582 782 1702 824 appel-

1064 830 1202 861 lativum
1262 830 1374 860 locum
1438 828 1702 860 demonstrativi

1063 874 1273 917 pronominis
1288 875 1522 915 occupaverit.
1554 874 1617 906 Est
1643 883 1702 905 ve-

1066 931 1104 952 ro
1131 924 1226 951 totus
1252 919 1305 951 hic
1340 921 1436 952 locus
1465 930 1574 962 nuper
1599 920 1702 952 inter·

1065 965 1258 1008 punctionis
1274 966 1503 1006 perversitate
1523 966 1642 998 mirum
1671 965 1703 997 in

1066 1011 1205 1043 modum
1255 1012 1492 1043 conturbatus.
1566 1011 1706 1053 Quippe

1065 1057 1148 1089 boni
1189 1056 1295 1102 critici
1333 1061 1415 1089 ante
1446 1056 1502 1088 καὶ
1533 1059 1635 1088 πᾶσιν
1671 1061 1706 1089 et

1063 1108 1147 1135 ante
1187 1105 1240 1137 οἱς
1273 1101 1365 1144 ψυχὴ
1400 1115 1455 1145 χρ.
1495 1103 1706 1134 sustulerunt

1065 1149 1396 1189 interpunctionem.
1465 1148 1573 1182 Quasi
1624 1158 1705 1180 vcro

1064 1196 1128 1227 ista
1170 1203 1245 1225 cum
1290 1194 1448 1235 proxime
1491 1195 1706 1236 antegressis

1063 1241 1193 1272 arctius
1216 1239 1437 1280 cohaereant,
1463 1249 1572 1281 neque
1596 1239 1640 1271 ab
1667 1239 1708 1271 iis

1066 1285 1278 1327 cogitatione
1305 1286 1520 1327 segreganda
1554 1295 1593 1317 ac
1621 1285 1707 1317 diri-

1068 1331 1189 1364 menda
1222 1331 1299 1362 sint.
1354 1331 1515 1363 Proxima
1552 1341 1631 1363 vero
1658 1331 1708 1363 sic

1067 1376 1256 1420 iungenda:
1284 1377 1441 1417 quibus
1469 1382 1593 1409 utens
1619 1378 1708 1408 ani-

1068 1434 1150 1463 ma,
1201 1422 1236 1453 si
1286 1433 1460 1465 semper
1520 1429 1707 1455 mentem

1068 1468 1290 1502 adsciscit
1331 1469 1493 1501 sociam
1529 1469 1617 1501 sibi
1650 1469 1708 1500 di-

1069 1516 1235 1553 vinam,

1069 1563 1203 1593 beata
1237 1561 1356 1601 regit
1389 1570 1437 1592 ac
1470 1561 1709 1603 gubernat3

1069 1607 1132 1639 sin
1182 1610 1330 1638 autem
1376 1607 1594 1639 amentiae
1643 1610 1710 1638 est

1069 1652 1324 1689 coniuncta,
1374 1653 1515 1685 omnia
1557 1662 1709 1684 rursus

1070 1699 1136 1731 liis
1162 1698 1392 1730 contraria
1427 1698 1588 1730 efficit.
1637 1697 1707 1730 Sed

1068 1745 1099 1776 in
1147 1744 1199 1774 his
1238 1744 1322 1784 ipsis
1363 1753 1428 1775 non
1472 1754 1581 1785 pauca
1631 1750 1708 1775 sunt

1068 1789 1168 1822 valde
1187 1788 1291 1820 duliia
1310 1794 1344 1822 et
1359 1794 1596 1822 controversa.
1619 1789 1707 1822 Nam

1068 1836 1172 1868 verba
1200 1834 1289 1866 θεὸν
1316 1833 1403 1871 θεὸς
1434 1832 1524 1868 οὖσα
1547 1836 1708 1877 qnoniam

1068 1882 1245 1914 continent
1272 1880 1317 1917 id,
1347 1881 1438 1922 quod
1465 1883 1624 1923 proxima
1649 1881 1708 1912 de,-

1069 1938 1158 1961 mum
1185 1927 1421 1967 disputatione
1445 1927 1611 1968 efficitur,
1640 1927 1710 1959 ani-

1069 1983 1165 2015 mam¹
1194 1973 1357 2005 videlicet
1387 1983 1465 2006 esse
1497 1972 1602 2012 θεόν,
1635 1974 1712 2005 inre

1070 2019 1230 2061 profecto
1265 2018 1308 2050 de
1343 2019 1429 2050 vitio
1466 2024 1626 2061 suspecta
1662 2018 1711 2050 vi-

1071 2066 1143 2098 deri
1172 2064 1310 2096 debent.
1360 2064 1460 2098 Quae
1489 2065 1624 2106 quidem
1652 2073 1712 2096 su-

1071 2111 1183 2152 spicio
1208 2111 1308 2142 etiam
1338 2120 1379 2142 eo
1406 2116 1555 2151 augetur
1581 2117 1615 2142 et
1630 2119 1709 2142 con-

1070 2158 1227 2190 firmatur
1253 2165 1318 2186 non
1345 2156 1483 2195 leviter,
1515 2157 1607 2197 quod
1635 2155 1711 2187 libri

1071 2213 1154 2236 mss.
1182 2201 1225 2233 de
1251 2201 1316 2232 illis
1333 2203 1478 2233 multum
1496 2200 1711 2233 dissentiunt.

1074 2248 1124 2280 De
1164 2257 1231 2288 qua
1269 2257 1306 2278 re
1345 2247 1489 2288 copiose
1536 2258 1637 2290 supra
1680 2248 1711 2279 iu

1071 2294 1190 2326 critica
1226 2293 1450 2326 annotatione
1466 2309 1469 2312 ·
1486 2295 1711 2326 narravimus.

1071 2338 1381 2373 Considerantibus
1407 2349 1491 2372 vero
1512 2340 1612 2372 nobis
1637 2348 1713 2372 om·

1072 2395 1149 2418 nem
1181 2384 1337 2417 codicum
1380 2385 1580 2418 varietatem
1625 2395 1714 2418 nune

1074 2431 1359 2464 verisimillimum
1399 2430 1557 2471 videtur‚
1598 2432 1711 2463 lor-um

1074 2478 1164 2509 hunc
1197 2478 1228 2509 in
1265 2476 1405 2509 modum
1441 2487 1519 2510 esse
1544 2476 1712 2518 retingen-

1076 2523 1175 2557 dum:
1233 2525 1316 2553 νοῦν
1362 2522 1423 2563 μὶν
1469 2523 1713 2566 προςληβοῦσα

1073 2567 1127 2600 ἀεὶ
1179 2570 1306 2599 θεῖον
1355 2566 1474 2608 ὀρθῶς
1511 2566 1617 2603 θεὸς
1666 2565 1714 2604 ὃς

1075 2613 1171 2656 ὄρθᾶ
1224 2613 1280 2643 καὶ
1330 2612 1519 2655 nidamenta
1569 2614 1712 2657 nnadny.

1077 2660 1184 2692 Cuius
1215 2660 1408 2692 sentcntiae
1440 2663 1581 2691 nostrae.
1606 2659 1713 2691 ratio-

1077 2716 1153 2740 nem
1191 2706 1309 2748 paucis
1344 2703 1538 2737 reddidisse
1574 2704 1713 2739 iuvabit.

1077 2754 1130 2784 Ae
1163 2752 1307 2793 primum
1349 2750 1481 2792 quidem
1525 2760 1587 2793 pro
1628 2753 1715 2782 θεον

1291 1516 1437 1546 omnia
1492 1519 1611 1547 recta
1666 1520 1710 1546 et
1770 1533 1771 1537 =
