1781 2971
235 1111 275 1152 D

307 126 390 169 296
803 125 1180 169 PLATONIS

309 241 332 285 ὁ
359 245 438 297 μὲν
472 239 620 296 ἄρχων
653 242 868 298 ζημιούτω
899 241 972 286 τὸν
1003 247 1256 298 ἐπίτροπον,
1296 241 1318 286 ὁ
1343 245 1387 286 δὲ
1423 246 1659 298 ἐπίτροπος

312 307 391 351 τὸν
425 307 622 364 ἄρχοντα
661 314 719 358 εὶς
756 307 803 351 τὸ
845 312 930 351 τῶν
975 313 1179 365 ἐκκρίτων
1225 308 1509 365 δικαστήριον
1545 310 1654 360 sigoz-

312 391 400 430 ywv
444 374 660 429 ζημιούτω
709 377 768 429 τῷ
808 376 984 428 δόξαντι
1033 373 1244 430 τιμήματι
1290 377 1348 431 τῷ
1395 379 1656 430 δικαστηρίῳ

314 445 460 502 διπλῇ.
497 444 576 483 ὲαν
611 441 648 485 δ’
691 446 927 498 ἐπίτροπος
962 441 1138 496 ἀμελεῖν
1177 440 1200 494 ἢ
1247 451 1506 499 κακουργεῖν
1549 445 1657 502 δοκῇ

311 517 402 559 τοῖς
436 514 610 558 οἰκείοις
643 508 666 560 ἢ
694 511 877 552 καὶτῶν
911 508 1058 551 ἄλλων
1094 512 1177 551 τινὶ
1214 512 1422 560 πολιτῶν,
1458 513 1517 559 εἰς
1551 510 1659 552 ταύ-

311 574 393 619 τὸν
424 575 564 629 ἀγέτω
596 573 904 632 δικαστήριον·
942 575 965 618 ὅ
1006 593 1048 618 τι
1080 574 1118 617 δ’
1152 574 1212 617 ἂν
1247 574 1375 637 ὄφλῃ,
1412 579 1656 632 τετραπλα-

313 647 414 685 σίαν
449 645 530 698 μὲν
578 641 740 686 τούτου
790 647 943 692 τίνειν,
988 645 1209 697 γιγνέσθω
1241 645 1286 685 δὲ
1323 642 1372 686 τὸ
1409 645 1490 698 μὲν
1523 641 1660 697 ἥμισυ

314 712 392 754 τοῦ
439 707 619 760 παιδός,
665 709 713 752 τὸ
751 709 789 751 δ’
832 707 966 763 ἥμισυ
1001 710 1081 752 τοῦ
1129 712 1543 765 καταδικασαμένου
1579 707 1662 760 τὴν

313 779 450 829 δίκην.
485 774 580 830 ἅμα
618 775 657 818 δ’
686 773 744 819 ὀὲν
779 774 919 836 ἡβήσῃ
961 793 1023 826 τις
1047 777 1134 818 τῶν
1174 775 1403 834 ὀρφανῶν,
1438 775 1517 819 ἐὰν
1552 775 1660 829 ἡγῆ-

312 860 386 886 ται
422 845 564 893 κακῶς
600 845 997 899 ἐπιτροπευθῆναι,
1032 849 1154 898 μέχρι
1187 848 1313 886 πέντε
1340 845 1448 886 ἐτῶν
1485 843 1658 895 ἐξηκού-

314 926 392 963 σης
429 912 506 963 τῆς
543 913 784 964 ἐπιτροπῆς
813 915 916 952 ἔστω
946 913 1069 962 δίκην
1096 912 1243 964 λαχεῖν
1278 914 1551 964 ἐπιτροπίας·
1581 908 1661 952 ἐὰν

314 980 359 1020 δέ
396 993 458 1026 τις
494 974 610 1035 ὅφλη
648 978 734 1018 τῶν
779 977 1051 1032 ἐπιτρόπων,
1095 978 1230 1029 τιμᾶν
1280 975 1326 1018 τὸ
1376 975 1662 1032 δικαστήριον

313 1043 336 1087 ὅ
374 1060 416 1086 τι
445 1042 530 1098 χρὴ
567 1047 739 1086 παθεῖν
771 1042 795 1095 ὴ
831 1043 1074 1090 αποτίνειι,
1109 1042 1189 1085 ἐὰν
1226 1045 1269 1085 δε
1303 1042 1354 1095 δὴ
1380 1045 1468 1086 τῶν
1502 1042 1662 1099 αρχόν·

313 1127 421 1160 των,
457 1109 640 1165 ἀιιελειᾳ
671 1112 752 1163 μὲν
786 1110 917 1162 δόξας
950 1111 1143 1152 κακῶσαι
1184 1107 1263 1152 τὸν
1298 1108 1526 1169 ὀρφανόν,
1561 1108 1585 1153 ὅ
1622 1127 1663 1152 τι

310 1175 394 1233 χρὴ
435 1180 567 1220 τίνειν
604 1175 745 1220 αὑτὸν
784 1179 843 1231 τῷ
881 1179 1025 1227 παιδί,
1067 1175 1233 1231 τιμάτω
1270 1175 1320 1220 τὸ
1367 1177 1663 1232 δικαστήριον,

314 1244 393 1287 ἐὰν
429 1246 472 1286 δὲ
510 1242 672 1299 ἀδικίᾳ,
712 1241 823 1299 πρὸς
859 1245 917 1298 τῷ
955 1243 1166 1297 τιμήματι
1200 1245 1278 1294 τῆς
1311 1241 1450 1299 ἀρχῆς
1472 1245 1561 1287 τῶν
1588 1261 1661 1286 νο-

314 1310 586 1369 μοφυλάκων
633 1309 933 1369 ἀφιστάσθω,
982 1309 1032 1352 τὸ
1082 1312 1125 1352 δὲ
1177 1309 1329 1352 κοινὸν
1376 1312 1453 1361 τῆς
1497 1310 1663 1361 πόλεως

409 1441 459 1472 τῶ
496 1439 756 1483 δικασινρίω
794 1438 941 1482 διπὶῇ]
978 1452 1019 1483 τῳ
1057 1451 1124 1472 om.
1160 1443 1202 1472 A
1235 1446 1269 1472 ει
1303 1451 1355 1482 pr.
1387 1438 1425 1472 Ω.
1474 1440 1664 1473 Praeterea

317 1485 437 1528 δικιῆι
457 1484 494 1517 Ω.
522 1491 596 1528 (ap.
623 1487 749 1528 Bekk.)
777 1493 810 1518 et
838 1498 867 1519 v.
895 1498 925 1518 a
955 1498 981 1517 ο.
1011 1486 1097 1518 Mox
1124 1487 1145 1518 f
1176 1498 1204 1517 ο.
1236 1483 1255 1528 ἦ
1282 1498 1336 1518 και
1363 1497 1425 1518 τισι
1453 1487 1517 1518 τῶν
1542 1485 1660 1519 ἄλλων.

316 1577 377 1621 δε]
403 1579 499 1610 Haec
524 1577 746 1620 praecedenti
770 1575 875 1608 ἄλλως
895 1579 954 1610 ad·
1023 1579 1154 1610 iudicio
1203 1578 1299 1610 iubet
1348 1577 1547 1609 ciceron.
1597 1588 1662 1619 pro

315 1626 445 1656 duntur
471 1636 506 1655 εκ
518 1621 759 1678 *παραλλήλου

362 1667 380 1700 ὑ
406 1669 476 1708 μὲν
510 1667 647 1710 ἅρχων
678 1667 893 1710 ζημιούιτυ
929 1681 953 1700 τ.

316 1714 396 1757 ἐπ’]
426 1715 595 1747 Similiter
620 1715 769 1746 Athenis
794 1716 956 1746 instituta

315 1762 383 1793 fnit
409 1760 514 1801 φάσις
539 1758 736 1801 ὀρφανικοῦ
763 1762 877 1795 οἴκου,
914 1763 956 1793 de

318 1818 386 1849 qua
407 1819 436 1839 v.
456 1808 641 1839 Boeckh.
659 1806 846 1838 Oeconom.
867 1809 953 1848 reip.

319 1854 434 1885 Athen
475 1854 516 1885 T.
542 1854 572 1885 1.
599 1863 630 1894 p.
647 1852 726 1886 378.
741 1863 807 1894 sqq
846 1855 888 1884 ed
922 1855 953 1888 1.

318 1900 542 1932 Hermann.
576 1900 801 1940 Antiquitatt.
835 1898 894 1931 Gr.
923 1899 953 1939 ξ.

320 1945 397 1980 136.
423 1956 456 1979 n.
490 1946 539 1978 Ὀ.
590 1944 743 1976 Omnino
771 1945 860 1977 conf.
890 1945 956 1977 Le-

318 2002 379 2033 ges
397 1993 440 2024 de
465 1992 573 2023 tutela
591 1992 682 2032 apud
703 1991 828 2022 Petit.
843 1991 953 2032 Legg.

318 2039 426 2070 Attio.
452 2049 484 2079 p.
511 2038 568 2071 52.
598 2048 638 2079 sq
676 2043 710 2068 et
733 2037 799 2071 591
827 2048 901 2078 sqq.
923 2042 957 2069 et

318 2083 606 2116 WVachsmuth.
639 2083 709 2114 Vol.
741 2083 780 2114 ll.
813 2083 848 2114 Ρ.
873 2083 899 2114 ῐ.
921 2094 952 2124 p.

318 2130 396 2163 212.
423 2129 709 2162 Schmeisser.
738 2129 781 2160 de
806 2139 842 2160 re
867 2134 955 2161 tute-

318 2177 381 2208 lari
408 2186 464 2217 ap.
493 2176 620 2208 Athen.
647 2185 680 2215 p.
706 2174 745 2207 21
775 2185 850 2216 sqq.

364 2243 405 2276 C.
453 2241 532 2283 ἅμα
563 2239 597 2273 δ’
632 2240 677 2275 ἂν
719 2238 855 2283 ἡβήσῃ
897 2251 955 2273 τις

319 2290 397 2321 τῶν
432 2285 652 2331 ὀρφανῶν]
689 2289 766 2320 Hoc
805 2285 864 2327 ἅμ’
905 2285 956 2323 ἂν,

318 2337 599 2377 εἰῐηιιΙειῐηιιε,’
623 2336 739 2375 tetigit
762 2334 956 2366 Schaese-

318 2393 389 2414 rus
430 2383 473 2414 ad
519 2383 748 2414 Demosthen.
796 2385 956 2421 &pparat

319 2428 420 2459 Tom.
449 2429 491 2459 V.
519 2439 552 2469 p.
577 2428 656 2463 210.
717 2427 769 2459 De
802 2428 861 2457 lite
895 2427 954 2457 ad-

320 2484 442 2505 versus
475 2479 626 2512 tutores,
668 2479 791 2505 exacto
826 2473 956 2504 tutelae

319 2525 488 2560 tempore,
514 2521 657 2561 pupillis
675 2521 758 2551 data
772 2519 863 2551 idem
877 2529 955 2549 san-

320 2566 371 2596 xit
402 2567 455 2596 lex
485 2567 621 2604 Attica,
655 2566 696 2597 ‹le
724 2575 792 2606 qua
820 2576 852 2595 v.
879 2565 954 2595 De-

320 2612 530 2643 mosthen.
566 2614 601 2643 in
644 2611 784 2644 Phorm.
819 2621 850 2651 p.
875 2610 954 2649 952,

318 2656 372 2691 29.
400 2658 433 2688 in
459 2657 614 2690 Nausim.
643 2668 674 2698 p.
699 2656 778 2690 989.
812 2657 954 2688 Praete-

318 2713 378 2735 rea
405 2704 559 2736 Antius
589 2704 741 2737 conferri
762 2703 803 2735 «le
826 2703 954 2734 tutela<=

1023 1624 1128 1656 Rosc.
1164 1626 1242 1656 Am.
1277 1624 1308 1658 6.
1343 1623 1397 1655 De
1430 1623 1527 1656 Orat.
1555 1623 1580 1654 Ι.
1606 1624 1662 1658 50.

1024 1670 1075 1702 De.
1101 1674 1224 1701 natura
1250 1670 1346 1701 deor.
1378 1669 1433 1702 lll.
1463 1669 1518 1703 30.

1070 1734 1209 1769 ἐὰνδὲ
1237 1734 1283 1778 δὴ
1311 1738 1390 1770 τῶν
1419 1734 1661 1779 ἀρχόντων]

1023 1784 1078 1814 Ex
1114 1784 1399 1820 anteqedentibus
1435 1785 1662 1825 repetendum

1024 1834 1076 1861 est
1101 1838 1149 1860 us·
1175 1827 1275 1868 ὄφλῃ.

1071 1875 1109 1908 1).
1150 1873 1219 1906 ἐὸν
1245 1873 1287 1906 δὲ
1321 1871 1477 1917 ἀδικίᾳ]
1505 1875 1662 1906 Adverte

1023 1921 1274 1953 anacoluthon.
1319 1921 1467 1953 Ponitur
1494 1922 1586 1952 enim
1603 1918 1664 1952 ἑὰν

1025 1965 1062 1997 δὲ
1086 1968 1232 2009 perinde
1261 1977 1301 1998 ao
1324 1969 1352 1999 si
1378 1967 1579 1999 antecedat:
1603 1963 1664 1998 ἐὰν

1024 2012 1084 2052 μὲν
1099 2012 1184 2053 δόξῃ
1201 2009 1335 2055 ἀμελείᾳ
1353 2014 1515 2044 κακῶσαι.
1551 2015 1594 2044 At
1611 2014 1661 2044 ni-

1025 2060 1148 2091 mirum
1175 2060 1214 2090 id·
1237 2060 1347 2100 ipsum
1377 2060 1563 2100 participio
1602 2056 1659 2089 86—

1025 2105 1085 2145 ξας
1110 2105 1341 2146 significatur.
1386 2105 1508 2146 Itaque
1545 2106 1661 2136 oratio

1025 2148 1108 2182 κατὰ
1151 2148 1290 2182 animan
1333 2151 1554 2182 conformata
1598 2156 1660 2182 est.

1024 2196 1145 2228 Simile
1178 2197 1261 2238 quid
1297 2196 1395 2227 Libr.
1432 2197 1484 2228 xl.
1519 2207 1551 2238 p.
1585 2196 1661 2231 778.

1023 2243 1065 2274 Ε.
1092 2243 1415 2274 animadveitimus.
1442 2260 1483 2266 —
1511 2240 1553 2273 τὸ
1581 2253 1661 2274 κοι-

1025 2300 1043 2318 ι
1055 2286 1101 2319 ὸν
1128 2297 1200 2329 trs*
1226 2286 1404 2323 πόλεως
1439 2298 1662 2321 commune

1025 2335 1242 2373 civitatis,
1268 2334 1300 2366 h.
1328 2344 1357 2365 e.
1386 2335 1523 2374 civitas,
1548 2341 1586 2365 ut
1605 2335 1660 2367 w.

1024 2391 1058 2421 p.
1087 2380 1164 2414 715.
1191 2380 1230 2411 B.
1261 2380 1317 2411 Vl.
1345 2391 1366 2421 p
1406 2381 1482 2414 7137.
1508 2381 1549 2413 B.
1581 2380 1660 2413 Xll.

1024 2425 1151 2468 p 948.
1176 2426 1212 2458 ¹⁴).
1231 2427 1313 2457 Alia
1339 2427 1496 2458 dedimus
1522 2427 1566 2458 ad
1585 2425 1660 2457 Cri-

1024 2478 1098 2503 ton.
1127 2483 1158 2513 p.
1186 2472 1243 2505 50·
1272 2476 1310 2503 Α.

1070 2518 1242 2559 Cap.1x.
1277 2515 1437 2559 ἡγοῖντ’
1462 2515 1575 2559 ἇι·δ.]
1594 2528 1661 2558 pu-

1025 2569 1116 2596 tare
1142 2564 1335 2607 possint3
1370 2565 1501 2597 facile
1527 2564 1660 2596 credi-

1025 2611 1180 2643 derint.

1071 2653 1151 2687 ‹ind
1182 2654 1371 2696 κήρυκος
1397 2653 1594 2688 ἀπειπεῖν
1618 2674 1659 2680 -

1024 2699 1162 2743 μηκέτ’
1203 2698 1358 2744 εἶναι]
1397 2704 1661 2735 nuntiante
