1781 2971
273 263 310 302 B

288 595 294 602 ‘
341 611 440 652 φειν
488 591 592 642 τοὺς
637 590 773 642 ὄντας
820 594 984 643 παῖδας
1028 592 1089 647 μὴ
1134 592 1355 648 μητρυιάν
1400 592 1690 647 ἐπαγόμενον·

275 800 312 842 0

344 146 424 187 302
816 143 1201 186 PLATONIS

341 259 398 303 ἄν
424 259 589 302 ἱκανῶν
618 255 759 301 ὄντων
784 263 966 311 παίδων,
1002 262 1082 312 τῆς
1119 258 1540 314 συγκαταγηράσεως
1565 263 1688 302 ἕνεκα

342 330 415 369 καὶ
450 327 694 379 ἐπιμελείας
737 326 941 378 ἀλλήλων
985 326 1068 378 τὴν
1105 326 1317 379 διάζευξίν
1353 343 1398 369 τε
1432 329 1505 370 καὶ
1543 325 1691 378 σύζευ-

339 393 405 445 ξιν
451 395 688 436 ποιεῖσθαι
729 392 882 448 χρεών.
920 392 998 435 ἐὰν
1035 395 1079 436 δὲ
1125 394 1306 448 τελευτᾷ
1340 390 1449 447 γυνὴ
1487 395 1688 435 καταλεί-

341 474 486 503 πουσα
524 462 687 508 παῖδας
724 461 910 510 θηλείας
943 475 988 502 τε
1024 462 1098 502 καὶ
1129 457 1336 517 ἄρρενας,
1381 461 1690 513 συμβουλευτι-

341 525 417 576 κὸς
445 526 502 567 ἂν
528 525 592 577 εἰἠ
615 526 751 580 νόμος
774 524 796 569 ὁ
835 528 1085 581 τιθέμενος,
1122 526 1203 570 οὐκ
1228 525 1567 581 ἀναγκαστικός,
1597 529 1691 579 τρέ-

342 660 401 715 μὴ
440 662 484 702 δὲ
520 658 664 702 ὄντων
699 660 741 711 ἐξ
775 658 976 714 ἀνάγκης
1021 667 1201 715 γαμεῖν,
1246 664 1450 717 μέχριπερ
1494 656 1553 702 ἂν
1597 662 1693 701 ixa-

342 726 449 778 νοὺς
491 725 679 785 γεννήσῃ
726 729 890 777 παῖδας
929 727 991 781 τῷ
1029 743 1074 769 τε
1112 726 1216 780 οἴκῳ
1252 732 1325 769 καὶ
1360 727 1412 786 τῇ
1447 724 1585 769 πόλει.
1637 723 1693 776 ἢν

345 797 388 838 δὲ
411 793 433 837 ὁ
455 790 571 849 ἀνὴρ
607 791 835 854 ἀποθάνῃ
872 795 1036 843 παῖδας
1076 791 1256 843 ἱκανοὺς
1290 791 1443 843 λιπών,
1482 791 1510 844 ἡ
1546 789 1693 847 μήτηρ

346 863 434 904 τῶν
469 862 639 902 παίδων
676 859 818 903 αὑτοῦ
853 865 1046 915 μένουσα
1086 865 1291 918 τρεφέτω·
1329 863 1518 913 νεωτέρα
1555 858 1593 902 δ’
1636 856 1695 901 ἂν

347 929 452 987 δοκῇ
498 928 577 970 τοῦ
627 928 803 976 δέοντος
847 926 960 969 εἶναι
992 925 1104 981 πρὸς
1151 926 1200 970 τὸ
1248 928 1325 979 ζῆν
1365 920 1423 968 αὖ
1467 924 1694 980 ὑγιαίνου·

344 1011 400 1037 σα
437 990 683 1049 ἄνανδρος,
731 997 772 1036 οἱ
817 992 1111 1048 προςήκοντες
1154 990 1265 1048 πρὸς
1302 991 1380 1042 τὰς
1416 993 1506 1034 τῶν
1542 990 1696 1045 γάμων

343 1063 684 1116 ἐπιμελουμένας
729 1068 939 1114 γυναῖκας
984 1060 1263 1115 κοινούμενοι
1314 1058 1363 1102 τὸ
1410 1054 1570 1102 δοκοῦν
1615 1057 1694 1101 αὑ-

346 1137 439 1179 τοῖς
480 1145 522 1170 τε
559 1130 631 1170 καὶ
674 1130 857 1177 ἐκείναις
905 1130 1002 1183 περὶ
1039 1129 1126 1169 τῶν
1176 1124 1389 1170 τοιούτων
1428 1126 1692 1170 ποιούντων·

1726 0 1743 1207 Qfflw21--·d

439 1281 479 1313 B.
530 1283 846 1314 καταλείπουσα
882 1280 1059 1323 παῖδας]
1096 1281 1155 1314 Sic
1188 1293 1230 1314 ex
1257 1293 1346 1315 corr.
1373 1284 1413 1314 A.
1447 1280 1485 1313 Ω.
1511 1282 1602 1323 apud
1629 1280 1696 1313 Ba-

345 1331 467 1368 stium,
494 1327 530 1361 Ξ.
557 1328 581 1359 f.
608 1339 639 1360 a.
666 1339 693 1362 e.
720 1340 749 1363 ο,
777 1330 812 1360 in
838 1334 1021 1367 contextu3
1051 1329 1143 1359 Mox
1169 1327 1322 1370 μητρυὰν
1350 1332 1389 1361 Α.
1417 1332 1450 1360 et
1474 1338 1525 1369 pr.
1558 1325 1596 1362 Ω.

437 1371 488 1415 μὴ
524 1371 566 1404 δὲ
602 1371 757 1418 ὄντων]
796 1373 905 1406 ὅντως
931 1375 969 1409 Ξ.
995 1385 1025 1405 v.
1054 1374 1077 1405 f.
1102 1385 1135 1405 x.
1161 1382 1194 1407 et
1220 1386 1240 1407 a
1271 1386 1324 1417 pr.
1361 1386 1404 1407 m.
1435 1371 1471 1405 Ω.
1498 1384 1529 1406 a.
1556 1385 1584 1408 c.
1611 1371 1640 1404 δ.
1667 1383 1696 1404 ο.

347 1419 450 1452 ὄντος
477 1431 508 1452 V.
1734 1421 1742 1461 ἶ

437 1467 483 1498 D.
532 1463 574 1496 τὸ
612 1465 848 1506 γενόμενον
882 1462 992 1498 εἶναι
1020 1465 1100 1496 τῶν
1127 1465 1179 1508 π.]
1209 1465 1250 1498 V.
1278 1462 1314 1495 τὸ
1342 1463 1567 1506 γεννώμενον.
1616 1463 1695 1495 Mu·
1732 1471 1742 1506 3

346 1513 497 1546 tavimus
522 1521 566 1543 ex
594 1514 631 1543 A.
663 1508 700 1542 Ω.
729 1512 765 1543 Ξ.
793 1523 822 1543 v.
852 1513 875 1543 f.
901 1523 927 1546 r.
954 1523 985 1543 x.
1014 1510 1042 1545 δ,
1072 1523 1101 1546 ο,
1151 1511 1243 1543 Dein
1271 1511 1376 1543 Voss.
1414 1509 1524 1542 δέκιαι
1549 1519 1612 1552 pro
1642 1507 1693 1540 δὲ·
1731 1509 1741 1548 ³2

1056 1624 1342 1661 muIIerIbus‚
1386 1633 1492 1664 quae
1537 1619 1741 1654 curanti

1056 1670 1288 1702 connubIa.
1317 1680 1348 1700 v.
1375 1669 1419 1700 ad
1442 1680 1474 1710 p.
1499 1668 1578 1702 913.
1606 1670 1650 1700 Α.

1105 1716 1270 1746 παίδων
1290 1713 1333 1746 δὲ
1359 1713 1564 1756 ἱκανότης
1586 1711 1697 1754 ᾰκρι-

1057 1760 1138 1803 βής
1162 1763 1222 1800 -J
1250 1766 1431 1792 exactus
1458 1770 1562 1792 vero
1588 1760 1696 1792 Iibe-

349 1635 414 1656 σιν.
464 1624 568 1662 Quod
587 1630 679 1656 certe
695 1626 896 1665 neutiquam
914 1630 988 1657 erat

347 1672 516 1710 facturus,
542 1671 571 1701 si
592 1671 636 1702 ad
661 1671 752 1702 hunc
776 1671 892 1702 Iocum
912 1673 986 1703 ani-

347 1728 440 1749 mum
484 1717 702 1748 attendisset.
764 1717 807 1747 In
843 1727 910 1758 quo
952 1722 989 1748 ut

347 1761 408 1804 τὴν
443 1764 644 1803 συνοίκησιν
675 1768 851 1803 tueamur,
885 1764 987 1795 etiam

347 1810 433 1841 illud
466 1809 567 1850 facit,
595 1809 686 1849 quod
714 1810 882 1840 continuo
908 1809 988 1841 sub—

347 1856 523 1896 sequitur:
564 1853 623 1891 τὴν
662 1852 830 1895 διάζευξίν
870 1866 902 1886 τε
936 1854 989 1885 καὶ

348 1900 509 1942 σύζευξιν
549 1899 737 1931 ποιεῖσθαι.
801 1901 868 1932 Ubi
910 1902 988 1942 quis

347 1948 490 1979 tandem
508 1946 690 1978 articulum
706 1947 850 1978 audebit
867 1948 902 1978 in
918 1958 990 1979 ma-

347 1995 417 2026 lam
445 1994 678 2034 suspicionem
705 1994 859 2025 vocare?

395 2061 436 2092 B.
486 2061 559 2101 τῆς
609 2058 988 2102 συγκαταγηράσε-

350 2115 405 2138 ως
431 2105 556 2138 ἕνεκα
576 2106 633 2146 --]
656 2113 694 2137 ut
712 2117 788 2138 cum
814 2108 893 2138 aliis
910 2117 988 2138 con-

350 2153 488 2194 iugibus
531 2157 715 2184 senescant
759 2157 792 2184 et
832 2158 988 2184 mutuum

350 2199 416 2231 sibi
442 2202 620 2240 praestent
647 2199 826 2234 auxilium,
874 2199 990 2229 Hodie

349 2250 506 2277 mutuum
531 2245 744 2276 adiutorium
771 2245 887 2277 dicere
906 2254 991 2276 con-

351 2295 551 2323 sueverunt.

400 2333 772 2377 συμβουλευτικὸς
819 2331 870 2365 ἄν
922 2335 989 2375 εἴη

352 2381 485 2423 νόμος
510 2382 570 2424 -]
617 2383 764 2414 suadeat
796 2380 870 2420 Iex,
918 2391 988 2412 non

353 2434 474 2471 cogat,
500 2434 538 2459 ut
563 2429 688 2460 viduus
713 2427 842 2459 liberos
868 2427 991 2458 educet

352 2486 422 2507 non
449 2475 625 2507 adducens
651 2482 848 2506 novercam.

401 2543 440 2574 C.
499 2539 635 2574 αὐτοῦ
682 2541 894 2583 μένουσα]
942 2542 989 2572 ibi

352 2599 514 2629 manens,
562 2599 677 2630 neque
716 2589 884 2620 aliorsum
928 2588 990 2619 mi-

333 2645 471 2675 grans.
500 2653 541 2658 ——
577 2633 688 2674 πρὸς
721 2635 790 2667 τὰς
828 2644 853 2665 τ.
881 2645 911 2675 γ.
939 2631 989 2666 ἐπ.

353 2692 442 2722 γυν.
477 2678 781 2719 κοινούμενοι,
813 2690 989 2712 commu-

354 2727 521 2759 nicatis
550 2727 754 2759 consiliis
781 2726 872 2759 suis
900 2736 988 2758 cum

1057 1806 1206 1840 rorfim
1231 1817 1460 1846 numerus,
1485 1808 1559 1848 qui
1586 1807 1696 1838 satiS

1059 1855 1133 1892 sit,
1169 1853 1405 1884 secundum
1440 1853 1573 1893 Iegem
1604 1857 1695 1884 esto

1057 1910 1142 1932 mas
1168 1904 1207 1930 et
1232 1900 1406 1930 femina.
1455 1898 1511 1929 De
1529 1898 1696 1930 abstracti

1057 1946 1211 1978 nominis
1239 1955 1303 1977 usu
1331 1956 1362 1975 v.
1389 1944 1434 1976 ad
1456 1944 1522 1975 XI.
1558 1955 1590 1986 p.
1616 1943 1697 1978 924.

1057 1991 1096 2023 C.
1123 1992 1202 2025 9215.
1237 1991 1275 2022 B.
1311 1997 1345 2022 et
1372 1990 1536 2031 Prolegg.
1571 1989 1613 2021 T.
1649 1989 1696 2021 11.

1056 2049 1088 2079 p.
1103 2037 1270 2069 LXXIII.
1297 2037 1354 2068 Ad
1375 2046 1446 2068 rem
1471 2038 1582 2077 ipsam
1603 2035 1695 2067 conf.

1057 2084 1154 2115 Libr.
1180 2083 1222 2113 V.
1250 2093 1283 2123 p.
1311 2082 1387 2116 740.
1414 2082 1461 2113 D.

1104 2129 1150 2160 D.
1220 2127 1266 2159 τὸ
1309 2125 1537 2169 γενόμενον
1583 2122 1697 2159 εἶναι

1060 2175 1139 2205 τῶν
1170 2174 1450 2212 ποιουμένων
1489 2172 1696 2216 ἔκγονον]

1059 2221 1230 2262 quando
1274 2221 1553 2259 convenerit,
1600 2230 1697 2260 pro·

1058 2267 1142 2298 lem
1195 2276 1289 2297 esse
1337 2266 1385 2297 ab
1433 2266 1491 2297 iis
1537 2262 1739 2304 natam,«¹

1061 2313 1133 2353 qui
1171 2321 1259 2343 eam
1301 2322 1377 2352 pro
1423 2322 1503 2343 sua
1542 2321 1696 2352 agnos·

1059 2363 1163 2389 eant
1195 2367 1243 2389 ac
1276 2368 1393 2389 suam
1419 2368 1514 2389 esse
1540 2358 1697 2389 dicant.
1736 2367 1738 2370 ·

1059 2403 1117 2436 Sic
1143 2404 1229 2434 haec
1259 2404 1490 2444 intelligenda
1520 2403 1696 2437 videntur.
1726 2423 1735 2450 <'

1060 2450 1341 2491 quandoquidem
1376 2448 1568 2486 ποιεῖσθαι,
1604 2449 1698 2491 quod
1727 2449 1735 2487 ἶ

1059 2497 1141 2528 alibi
1170 2501 1222 2527 est
1247 2497 1480 2537 adoptare,
1507 2499 1544 2526 ut
1568 2495 1695 2536 p.923.

1060 2542 1098 2573 C.
1126 2542 1170 2575 D.
1197 2541 1275 2575 924.
1300 2544 1341 2573 A.
1367 2539 1578 2577 929.c.a1..
1606 2551 1699 2573 nunc
1726 2547 1737 2578 ρ’

1059 2590 1092 2619 in
1121 2589 1225 2619 simili
1252 2598 1377 2620 caussa
1401 2587 1530 2619 dicitur
1563 2587 1606 2619 de
1638 2597 1698 2629 pa·
1721 2584 1736 2618 ·“

1060 2635 1217 2666 rentibus
1244 2634 1413 2665 infantem
1438 2643 1560 2665 reeens
1579 2638 1698 2665 natum

1608 2677 1699 2711 Ste-

1295 2732 1410 2758 tamen
1459 2729 1493 2757 et
1545 2725 1697 2758 Astius
1726 2740 1727 2743 ¹

1059 2690 1122 2721 pro
1160 2690 1224 2712 suo
1265 2679 1546 2719 agnoscentibus.

1059 2727 1235 2767 phanus
