1781 2971
281 148 364 188 4OE

281 259 423 299 intelligi
451 257 556 289 debet
573 282 581 297 ‚
606 267 664 288 cur
692 267 733 289 eo
759 267 826 289 necr
849 262 919 289 tra-

280 305 346 346 gici
373 309 408 336 et
434 303 525 344 lyrici
551 303 787 335 abstinuerint.
837 302 919 335 Ete-

281 351 347 381 nim
381 349 444 382 hos
475 349 613 389 quidem
649 350 755 380 multa
786 352 922 380 constat

282 395 366 436 epici
403 395 573 426 sermonis
609 395 750 435 propria
784 396 817 426 in
858 394 919 425 lin-

280 450 381 482 guam
416 450 511 471 suam
549 441 784 479 transtulisse,
818 449 921 480 quor-

281 496 355 518 sum
383 487 487 518 ctiam
516 486 595 517 illud
629 486 795 527 pertinet,
830 483 920 525 qnod

281 533 363 564 item
391 532 530 563 relativa
559 537 594 564 et
621 532 807 573 particulas
833 535 920 562 tem-

281 587 364 618 pus,
397 578 533 616 locum,
577 587 739 608 caussam
775 577 923 616 denique

280 623 524 663 significantes,
552 624 680 654 omisso
707 620 759 661 ἄν,
789 621 923 653 ereber-

281 670 366 700 rime
394 678 469 700 cum
498 670 716 700 coniunctim
742 667 921 699 consocia-

280 718 371 746 runt.
420 715 539 754 Atque
568 713 653 745 banc
677 715 785 754 ipsam
815 714 919 744 ratio-

280 770 353 792 nem
389 761 488 791 etiam
523 760 710 801 scriptores
749 759 922 790 inferioris

278 806 406 837 aetatis
439 812 688 846 susceperunt,
713 806 770 845 qui
797 806 920 836 relicto

280 851 431 891 vulgaris
465 851 600 883 dialecti
633 861 697 882 usu
734 850 861 882 rariora
889 855 923 881 et

279 897 500 928 insolentiora
531 897 645 928 venati
684 901 764 928 surtt
790 897 920 927 minus—

279 952 347 983 que
378 942 543 983 religiose
580 943 792 974 retinuerunt
824 941 923 972 Atti-

280 997 399 1020 corum
416 987 711 1020 consuetudinem.
760 987 815 1019 De
842 986 917 1028 qui-

279 1034 343 1065 bus
368 1033 395 1064 si
428 1035 504 1072 quis
531 1034 666 1074 plenius
693 1032 832 1064 edoceri
861 1042 919 1063 cu-

279 1079 374 1120 piat,
417 1078 521 1109 adeat
556 1080 584 1109 is
629 1078 918 1110 Schaeferum

278 1124 321 1156 ed
355 1126 489 1165 Aesop.
532 1124 650 1158 Fabul.
684 1134 716 1165 p.
750 1124 828 1157 131.
863 1124 916 1156 ed.

279 1170 447 1211 Heusing.
490 1169 657 1201 lacobs.
710 1170 752 1201 ad
795 1170 920 1202 Achill.

278 1215 357 1247 Tat.
384 1226 415 1256 p.
443 1214 521 1249 681.
551 1214 605 1246 ad.
634 1214 754 1246 Athen.
783 1226 816 1256 p.
844 1214 924 1248 141.

278 1260 511 1292 Locellam
540 1260 580 1292 ad
607 1260 764 1302 Xenoph.
793 1260 921 1302 Ephes.

278 1317 310 1346 p.
344 1306 422 1340 185.
455 1306 663 1339 Iacobum
698 1307 741 1338 ad
776 1306 919 1338 Lucian.

278 1352 370 1383 Tox.
409 1362 440 1393 p.
477 1352 534 1386 53.
571 1356 606 1384 et
641 1362 727 1393 quos
754 1352 797 1383 illi
825 1362 919 1384 com-

276 1403 524 1432 memorarunt.
576 1398 627 1430 De
653 1397 830 1429 veteribus
857 1407 916 1429 au-

276 1448 345 1475 tem
375 1443 517 1483 Atticis,
545 1444 600 1483 qui
629 1453 733 1484 prosa
761 1444 917 1475 oratione,

279 1489 332 1521 usi
349 1493 438 1528 sunt,
456 1488 724 1520 existimandum
737 1494 789 1519 est
802 1491 915 1530 paullo

276 1535 388 1567 aliter.
442 1534 485 1565 Hi
514 1535 602 1567 enim
631 1534 725 1575 quod
754 1535 809 1566 illa
835 1544 917 1566 con-

275 1581 469 1611 structione
510 1580 685 1612 rarissime
727 1581 781 1611 usi
824 1585 918 1619 sunt,

276 1625 435 1657 videntur
461 1635 501 1657 ea
528 1626 559 1657 in
588 1636 623 1656 re
651 1625 743 1657 aliud
765 1626 845 1665 quid
862 1636 916 1657 se-

274 1672 369 1710 quuti
403 1680 505 1709 esse3
538 1672 690 1712 alioquin
725 1672 811 1702 enim
840 1682 913 1702 sae-

275 1717 352 1758 pius
378 1716 534 1757 profecto
570 1717 712 1749 eandem
749 1727 917 1759 usurpas-

273 1766 350 1794 sent
375 1763 564 1801 ]icentiam,
590 1772 656 1803 qna
682 1763 847 1801 tragicos,
866 1764 914 1806 ly—

272 1808 364 1839 ricos
406 1811 440 1838 et
488 1807 662 1839 citerioris
701 1808 914 1839 Graecitatis

273 1854 468 1894 scriptores
495 1854 680 1893 plerosque
697 1863 817 1885 omnes
835 1864 911 1895 per-

272 1903 378 1939 petuo
422 1908 506 1930 usos
546 1899 653 1930 fuisse
694 1901 910 1940 exploratum

273 1944 425 1975 habetur.
490 1943 594 1978 Quod
635 1944 771 1984 quidem
813 1946 914 1986 quale

271 1991 332 2027 sit,
369 1998 469 2030 quam
504 1990 709 2022 brevissime
740 2001 914 2032 exponere

271 2035 490 2068 conabimur.
549 2035 720 2067 Videntur
752 2037 853 2076 igitur
879 2043 913 2068 e-

271 2081 338 2121 pici
379 2082 454 2112 solo
498 2079 532 2110 εἰ
566 2091 641 2111 cum
696 2082 914 2113 coniunctivo

271 2125 350 2157 ideo
377 2125 581 2167 saepissime
613 2136 675 2166 pro
702 2124 761 2157 ἐὰν
794 2128 846 2158 vel
873 2124 915 2167 ἤν

270 2172 321 2203 usi
349 2181 441 2210 esse,
468 2171 550 2211 quia
576 2171 785 2211 sentivbant,
814 2172 913 2212 quid-

269 2216 350 2258 quid
392 2216 616 2249 coniunctivo
662 2219 912 2258 enuntiaretur,

269 2263 303 2294 id
327 2272 464 2303 semper
491 2263 534 2294 ita
563 2273 641 2295 esse
660 2266 911 2305 comparatum,

270 2312 307 2340 ut
342 2319 402 2349 pei·
433 2318 528 2339 suam
556 2308 662 2349 ipsius
695 2315 851 2351 naturam
877 2313 912 2341 et

269 2355 302 2385 in
351 2364 389 2386 se
435 2357 630 2395 spectatum
672 2364 794 2386 revera
837 2354 910 2386 fieri

269 2409 376 2441 posse
409 2400 634 2439 cogitaretur.
695 2399 797 2433 Quod
837 2400 909 2440 qui-

269 2445 346 2476 dem
383 2444 426 2475 illi
465 2445 549 2476 satis
581 2444 772 2478 habuerunt
805 2446 906 2477 etiam

268 2489 311 2521 ad
339 2489 417 2521 illud
451 2489 719 2531 designandum,
748 2490 838 2532 quod
863 2491 907 2522 ita

269 2536 405 2567 demum
450 2540 569 2575 posset
613 2537 705 2575 fieri,
745 2537 772 2567 si
810 2536 907 2568 simul

268 2580 515 2621 intelligeretur
531 2592 733 2623 suspensum
753 2592 831 2614 esse
850 2590 906 2614 ex-

268 2626 440 2657 trinsecus
477 2631 511 2658 et
545 2637 607 2668 pro
641 2637 752 2660 rerum
788 2625 906 2660 condi-

267 2671 359 2702 tione
381 2671 527 2703 evenire.
580 2671 743 2705 Nimirum
772 2672 907 2714 priseae

268 2717 406 2757 liuguae
438 2717 638 2759 simplicitas
679 2720 770 2750 nullo
815 2718 906 2749 facto

773 143 1146 186 PLATONIS

992 256 1187 289 discrimine
1215 255 1286 287 fr-rf·
1322 260 1505 297 utrumque
1530 256 1632 288 simul

991 304 1171 344 complexa
1206 306 1275 339 est,
1307 302 1502 334 subtilitatis
1533 303 1632 335 istius

993 350 1094 390 plane
1130 349 1323 385 incuriosa,
1361 358 1429 388 qua
1461 358 1527 380 una
1555 359 1632 380 cum

992 394 1041 425 rei
1075 404 1134 436 per
1174 404 1210 424 se
1253 397 1431 434 spectatae
1468 393 1633 427 facultate

995 439 1369 482 (possibilitatem
1398 439 1544 472 barbare
1570 449 1632 472 vo-

994 485 1085 526 cant)
1119 485 1218 516 simul
1256 486 1356 517 etiam
1400 490 1540 517 notatur
1571 495 1633 518 ex-

991 535 1086 562 terna
1127 531 1234 572 ipsius
1272 530 1444 571 conditio,
1485 541 1550 572 qua
1590 541 1633 564 ex

992 576 1262 617 contingentium
1298 586 1499 608 caussarum
1544 586 1631 609 nexu

991 626 1070 662 apta
1098 632 1136 652 ac
1160 632 1327 663 suspensa
1347 632 1424 654 esse
1447 623 1632 663 cogitatur.

994 670 1105 707 Atque
1133 667 1217 698 banc
1234 669 1398 699 rationem
1428 669 1529 700 etiam
1549 669 1632 709 poe-

992 717 1048 745 tae
1093 713 1187 753 lyrici
1238 718 1273 744 ct
1324 714 1445 753 tragici
1485 713 1631 755 adopta·

992 763 1082 797 runt,
1110 759 1238 800 quippe
1259 759 1455 791 rectissime
1481 761 1631 792 sentien-

992 809 1044 835 tes
1076 814 1148 835 eam
1186 805 1279 845 poesi
1314 815 1391 836 esse
1429 805 1631 838 couvenien-

990 849 1167 881 tissimam.
1229 850 1298 883 Sed
1338 851 1438 882 aliter
1475 851 1632 882 fecerunt

991 905 1115 937 prosae
1142 897 1308 926 orationis
1333 897 1532 938 scriptores.
1560 895 1630 929 Qui

990 950 1093 981 quum
1122 940 1222 973 facile
1248 941 1483 982 perspicerent
1510 951 1631 974 unam-

990 996 1164 1027 quamque
1204 997 1272 1019 rem
1313 987 1486 1019 obiective
1515 987 1631 1029 possi-

990 1032 1092 1064 bilem
1127 1033 1200 1063 fere
1239 1032 1366 1072 duplici
1401 1034 1539 1065 nomine
1579 1038 1629 1064 ta-

990 1078 1055 1109 lem
1077 1078 1241 1117 existere,
1269 1078 1543 1121 quandoquidem
1563 1087 1629 1110 non

991 1124 1096 1155 modo
1137 1133 1197 1163 per
1237 1134 1297 1163 se,
1340 1124 1400 1156 sed
1436 1126 1538 1156 etiam
1567 1133 1629 1166 pro

990 1179 1078 1201 nexu
1110 1179 1174 1200 sno
1208 1179 1282 1200 cum
1319 1170 1392 1200 aliis
1422 1171 1523 1201 rebus
1550 1181 1631 1203 vere

990 1214 1061 1246 fieri
1094 1224 1198 1255 posse
1231 1214 1500 1257 intelligeretur,
1538 1216 1631 1248 ducti

990 1260 1131 1292 maioris
1166 1260 1340 1293 cuiusdam
1376 1261 1632 1302 perspicuitatis

990 1305 1120 1345 studio,
1146 1307 1248 1347 quale
1269 1316 1394 1347 prosae
1411 1307 1557 1339 orationi
1576 1308 1628 1340 vel

990 1352 1138 1384 maxime
1156 1352 1331 1384 convenit:
1359 1362 1427 1394 quo
1453 1355 1556 1385 etiam
1579 1353 1629 1385 rei

988 1398 1160 1438 possibilis
1199 1401 1340 1429 externa
1379 1399 1468 1430 ratio
1502 1399 1628 1441 siguifi-

987 1447 1137 1481 caretur,
1165 1443 1293 1484 ubique
1321 1442 1382 1475 ἐάν
1409 1446 1461 1476 vel
1480 1443 1522 1485 ἥν
1551 1455 1628 1477 cum

987 1490 1203 1521 coniunctivo
1252 1496 1524 1532 usurpaverunt3
1567 1491 1628 1523 sed

987 1535 1134 1576 priscum
1163 1533 1244 1566 illud
1262 1534 1525 1568 et'coniunctivo
1544 1546 1627 1568 con—

986 1581 1276 1615 sociatumaintra
1303 1581 1388 1613 fines
1411 1582 1628 1614 arctissimos

987 1627 1241 1658 concluserunt.
1300 1627 1435 1659 Etenim
1477 1629 1626 1660 admise-

987 1677 1062 1703 runt
1091 1672 1188 1712 illud,
1217 1682 1278 1704 nos
1306 1674 1332 1704 si
1360 1673 1442 1713 quid
1470 1674 1627 1706 iudicare

986 1728 1195 1758 possumus,
1230 1718 1276 1750 ita
1311 1723 1461 1750 tantum.
1489 1721 1517 1750 si
1544 1719 1624 1760 quid

984 1763 1242 1803 significandum
1271 1767 1377 1801 esset,
1407 1766 1497 1804 quod
1520 1775 1624 1806 quum

984 1817 1046 1849 per
1079 1820 1116 1841 se
1150 1819 1268 1841 revera
1305 1809 1374 1841 fieri
1407 1815 1541 1851 posset,
1575 1817 1625 1842 ta-

983 1863 1060 1885 men
1107 1864 1171 1885 non
1214 1855 1293 1887 item
1347 1865 1388 1888 ex
1425 1866 1623 1888 caussarum

983 1900 1253 1939 contingentium
1278 1911 1365 1933 nexu
1381 1901 1548 1941 penderet
1567 1911 1625 1934 ne-

982 1955 1048 1985 que
1080 1956 1141 1987 pro
1174 1956 1286 1978 rerum
1320 1947 1461 1979 aliarum
1503 1947 1623 1980 condi-

982 1992 1074 2022 tione
1101 1992 1237 2024 evenire
1263 1993 1482 2031 cogitandum
1518 1998 1621 2025 esset.

982 2037 1081 2069 Quae
1103 2037 1238 2077 quidem
1259 2039 1502 2071 sententiarum
1532 2041 1622 2071 ratio

981 2091 1083 2122 quum
1120 2087 1238 2114 natura
1274 2094 1333 2116 sua
1370 2084 1414 2115 sit
1443 2086 1543 2124 longe
1567 2095 1620 2116 ra-

983 2128 1128 2166 tissima,
1153 2137 1368 2170 consequens
1387 2135 1449 2172 est,
1467 2135 1505 2161 ut
1520 2131 1619 2162 etiam

982 2173 1044 2203 ista
1073 2173 1256 2205 verborum
1290 2177 1504 2207 constructio
1529 2176 1620 2216 apud

982 2218 1153 2258 pedestris
1210 2220 1376 2251 orationis
1432 2221 1620 2262 scriptores

982 2264 1158 2295 rarissime
1185 2265 1389 2305 reperiatur.
1446 2266 1535 2298 Nam
1564 2275 1618 2298 re-

981 2309 1081 2349 periri
1115 2319 1188 2341 eam
1225 2320 1305 2342 sane
1349 2311 1515 2351 subinde,
1558 2322 1620 2344 nec

977 2353 1054 2385 ullis
1104 2354 1268 2387 machinis
1314 2367 1418 2399 posse
1471 2357 1619 2397 undique

978 2400 1143 2433 amoveri.
1170 2400 1203 2432 id
1234 2402 1332 2432 nobis
1351 2402 1487 2442 quid-‘m
1518 2404 1619 2444 plane

980 2455 1181 2486 persuasum
1233 2452 1296 2478 cst.
1369 2447 1526 2487 Longum
1566 2453 1619 2480 est

980 2492 1135 2532 exempla
1169 2493 1285 2524 omnia
1319 2503 1358 2524 cx
1389 2503 1512 2534 prosae
1539 2504 1618 2526 ora-

980 2536 1078 2567 tionis
1106 2538 1334 2579 scriptoribus
1359 2549 1376 2570 a
1405 2539 1481 2570 xiris
1508 2539 1618 2571 doctis

979 2582 1125 2613 collecta
1154 2584 1265 2616 denuo
1280 2594 1460 2617 recensere
1487 2584 1615 2626 etquid

979 2626 1021 2657 ‹le
1048 2628 1187 2667 singulis
1213 2629 1429 2661 statuendum
1458 2629 1520 2669 sit,
1556 2639 1613 2660 ac-

979 2674 1131 2704 curatius
1179 2675 1369 2714 exquirere.
1439 2675 1613 2707 Quocirca

978 2719 1096 2758 paucis
1131 2719 1270 2761 defungi
1298 2721 1422 2761 placet.
1452 2722 1611 2752 maxime-
