1781 2971
346 157 417 194 114
787 146 1243 190 ARGUMENTUM

340 277 548 318 perquam
590 274 683 301 esse
724 258 976 314 absurdum,
1015 259 1131 314 quod
1162 260 1226 302 vis
1255 267 1298 302 et
1328 266 1481 301 natura
1512 258 1688 301 deorum

339 319 537 370 tollatur,
585 314 937 370 quandoquidem
987 322 1125 369 terra,
1174 316 1264 370 sol,
1315 315 1459 358 sidera
1500 315 1689 369 itemque

339 386 580 429 temporum
612 371 932 414 vicissitudines
952 378 1070 414 certa
1098 382 1142 414 et
1172 373 1388 415 constanti
1418 372 1513 428 lege
1543 372 1590 412 in
1622 387 1689 413 or-

340 433 435 473 bem
476 429 723 472 redeuntes.
748 427 983 482 loquantur
1024 429 1313 483 contrarium,
1355 435 1488 484 atque
1530 426 1690 470 Graeci

340 488 501 543 pariter
530 493 662 540 atque
690 484 863 526 barbari
895 485 1111 526 communi
1140 485 1429 528 consensione
1460 484 1565 526 deos
1595 498 1691 527 esse

340 543 515 585 credere
545 544 724 585 soleant.
786 540 939 583 Utitur
978 541 1113 597 igitur
1143 541 1214 583 ille
1238 540 1504 599 argumentis
1535 540 1617 583 hac
1647 542 1692 581 in

341 616 383 642 re
426 599 734 656 popularibus,
775 597 933 651 quibus
976 598 1105 639 etiam
1144 598 1287 653 ipsum
1327 598 1552 640 Platonem
1590 596 1691 639 alibi

340 672 463 698 nsum
503 671 600 698 esse
642 655 853 697 novimus.
925 653 1090 696 Verum
1128 661 1272 697 tamen
1302 653 1584 697 Atheniensis
1615 653 1692 695 ho-

340 729 440 768 spes
486 728 536 755 ea
573 727 657 754 non
701 711 806 754 satis
846 709 991 752 valida
1031 711 1124 754 fore
1174 710 1283 754 dicit
1329 711 1384 753 ad
1433 709 1692 752 refellendas

340 770 682 811 adversariorum
722 767 984 818 sententias3
1026 768 1099 822 qui
1131 782 1228 810 sese
1257 781 1521 825 magnopere
1551 766 1692 809 vereri

340 829 593 883 profitetur,
643 839 696 866 ne
749 824 841 866 isti‘
869 823 990 879 impii
1045 839 1096 866 ea
1142 831 1194 866 ut
1239 825 1353 867 levia
1398 829 1692 876 contemnant,

347 884 512 938 quippe
562 881 636 936 qui
684 881 902 937 opinatam
955 880 1210 936 sapientiam
1255 896 1377 923 suam
1416 879 1694 935 quantumvis

339 940 623 981 insanientem
681 937 796 979 omni
844 935 1020 978 laudum
1078 936 1405 993 praedicatione
1462 935 1695 993 superbius

341 996 491 1037 efferre
530 1002 574 1036 et
610 993 870 1036 insolentius
916 993 1078 1035 iactare
1129 994 1311 1040 soleant.
1391 993 1460 1035 De
1512 1008 1599 1048 qua
1649 1005 1695 1034 re

341 1052 448 1094 haec
489 1052 577 1093 tere
599 1050 810 1106 disputat.
879 1048 1099 1091 Feruntur
1141 1050 1259 1106 apud
1288 1064 1385 1104 noea,
1416 1050 1575 1105 inquit,
1605 1063 1695 1092 ser-

340 1123 488 1150 mones
520 1109 649 1150 etiam
680 1107 839 1150 litteris
870 1106 1122 1163 perscripti,
1155 1108 1231 1162 qui
1261 1106 1379 1163 apud
1408 1121 1486 1149 vos
1518 1111 1697 1163 propter

341 1165 603 1221 reipublicae
641 1169 811 1206 vestrae
854 1162 1129 1218 disciplinam
1167 1165 1430 1206 severiorem
1468 1161 1696 1218 haudqua-

341 1237 468 1276 quam
511 1221 883 1264 circumferuntur.
969 1218 1144 1276 Quippe
1193 1221 1377 1276 primum
1417 1219 1593 1276 quidem
1621 1233 1696 1260 an-

340 1278 573 1333 tiquissimi
606 1277 781 1332 quidam
811 1281 966 1331 poetae
1000 1282 1130 1331 atque
1161 1277 1394 1332 scriptores
1425 1276 1497 1318 alii
1527 1275 1582 1317 de
1612 1274 1696 1317 diis

341 1335 404 1376 ita
443 1340 666 1387 statuunt,
707 1339 756 1376 ut
785 1332 1000 1389 principio
1031 1332 1179 1374 dicant
1210 1333 1406 1375 extitisse
1437 1332 1606 1375 coelum
1646 1345 1698 1374 ac

341 1391 603 1445 reliquarum
634 1405 776 1432 rerum
808 1395 1027 1439 naturam3
1058 1404 1144 1443 quo
1175 1389 1291 1431 facto
1317 1390 1487 1431 illorum
1508 1389 1696 1431 omnium

340 1454 664 1503 persequuntur
707 1446 914 1502 origines*
940 1451 1072 1499 atque
1123 1445 1231 1488 adeo
1275 1445 1536 1499 ostendunt,
1589 1460 1697 1499 quo-

341 1503 472 1546 modo
505 1503 564 1546 dii
597 1503 681 1545 orti
711 1503 800 1544 sint
832 1508 960 1556 atque
991 1502 1108 1543 inter
1137 1502 1257 1558 ipsos
1289 1503 1548 1546 conversati.
1607 1500 1697 1545 Sed

341 1561 544 1615 antiquas
585 1561 693 1603 istas
736 1558 910 1614 quidem
951 1558 1120 1601 fabulas
1162 1560 1206 1601 in
1244 1560 1465 1616 praesenti
1494 1558 1696 1601 nolumus

340 1625 487 1659 taxare
527 1616 748 1668 severius,
788 1630 920 1670 quum
961 1614 1031 1657 vel
1072 1622 1255 1671 propter
1284 1622 1544 1658 vetustatem
1576 1630 1696 1658 suam

341 1673 482 1715 lenius
524 1672 784 1715 iudicandae
825 1671 1067 1714 videantur.
1137 1672 1291 1728 Longe
1337 1674 1513 1729 gravius
1553 1679 1696 1714 autem

341 1730 524 1772 alterum
547 1737 613 1772 est
635 1743 775 1786 genus
799 1728 1037 1782 hominum,
1061 1728 1133 1783 qui
1158 1728 1209 1771 de
1229 1729 1296 1772 his
1316 1730 1446 1772 rebus
1476 1728 1696 1771 iudicave-

341 1793 463 1839 runt,
506 1802 688 1842 quorum
728 1785 956 1840 opiniones
1003 1800 1106 1828 sane
1144 1787 1390 1829 accuratius
1429 1801 1569 1843 cogno
1597 1800 1697 1828 cen-

343 1843 423 1885 dae
470 1850 514 1885 et
552 1842 810 1886 iudicandae
850 1849 962 1884 sunt.
1034 1841 1289 1885 Extiterunt
1324 1843 1436 1885 enim
1468 1858 1555 1898 apu
1617 1856 1697 1884 nos

342 1900 493 1942 novitii
527 1900 703 1954 quidam
735 1898 981 1955 sapientes,
1028 1899 1101 1953 qui
1135 1914 1267 1954 quum
1297 1900 1403 1942 alias
1432 1900 1487 1942 ob
1519 1913 1698 1942 caussas

344 1963 434 1999 tum
473 1959 602 1998 etiam
643 1957 741 1998 ideo
781 1956 867 1997 vim
907 1961 1192 2010 naturamque
1232 1956 1409 1999 deorum
1441 1956 1592 1999 tollere
1624 1970 1697 2005 co-

341 2013 432 2055 nati
463 2019 587 2065 sunt,
633 2013 734 2068 quia
766 2013 916 2065 solem,
949 2012 1119 2065 lunam,
1152 2020 1324 2067 terram,
1360 2013 1549 2068 denique
1581 2019 1699 2054 astra

341 2076 470 2124 atque
510 2068 654 2112 sidera
693 2084 778 2110 non
809 2083 905 2110 esse
937 2068 1112 2109 numina
1144 2069 1292 2125 divina
1321 2070 1505 2126 intelligi
1534 2070 1696 2112 liceret.

342 2125 443 2178 Quo
476 2139 685 2168 concesso
717 2124 913 2180 profecto
947 2123 1245 2167 demonstrare
1286 2126 1388 2168 item
1433 2127 1516 2168 erit
1543 2124 1696 2178 facilli-

342 2198 482 2232 mum,
515 2181 668 2224 eadem
700 2181 773 2223 illa
812 2195 892 2222 nec
926 2196 1067 2222 rerum
1099 2181 1381 2224 humanarum
1414 2197 1567 2240 gerere
1598 2197 1691 2239 pro·

341 2239 621 2291 curationem.
698 2236 830 2292 Quod
860 2237 932 2279 ubi
966 2236 1117 2280 Clinae
1150 2253 1323 2294 quoque
1355 2239 1417 2281 ita
1447 2239 1585 2281 visum
1615 2245 1696 2292 est,

342 2310 459 2337 nuno
499 2293 744 2337 faciendum
777 2299 998 2347 statuunt,
1037 2300 1086 2336 ut
1115 2310 1203 2336 rem
1236 2295 1367 2352 longe
1398 2295 1697 2351 gravissimam

342 2350 589 2394 accuratius
630 2350 908 2394 considerent
947 2351 1251 2406 communique
1299 2352 1446 2395 studio
1495 2352 1696 2396 subtilius

342 2408 576 2463 exquirant
607 2408 671 2463 (p.
704 2409 799 2450 884.
829 2408 883 2450 A.
916 2432 969 2437 —
1000 2407 1096 2449 887.
1129 2406 1216 2463 C.).
1249 2434 1299 2440 —
1371 2408 1527 2465 Itaque
1556 2408 1695 2452 Athe-

342 2464 505 2507 niensis
548 2470 648 2507 ante
689 2464 832 2507 omnia
871 2479 958 2505 non
998 2463 1130 2506 modo
1172 2465 1413 2508 mirandum
1452 2466 1530 2509 sed
1567 2466 1695 2509 etiam

341 2520 550 2578 perquam
585 2520 766 2578 indigne
797 2519 1021 2564 ferendum
1051 2535 1145 2563 esse
1174 2522 1262 2574 ait,
1296 2523 1412 2578 quod
1444 2523 1696 2566 homuncio-

340 2593 441 2620 num
483 2577 662 2620 istorum
703 2577 746 2620 in
788 2575 1086 2672 impugnando
1127 2577 1305 2622 deorum
1353 2580 1527 2622 numine
1573 2585 1697 2622 tanta

342 2634 399 2676 sit
437 2634 635 2690 impietas
679 2640 810 2690 atque
849 2649 904 2675 au
938 2633 1054 2688 acia,
1099 2636 1264 2692 quippe
1303 2651 1435 2691 quum
1466 2635 1693 2693 multiplici

341 2690 409 2733 usi
439 2692 525 2733 sint
565 2691 654 2733 veri
686 2689 953 2746 intelligendi
995 2696 1126 2744 atque
1159 2693 1453 2750 cognoscendi
1485 2700 1693 2750 opportu-
