1781 2971
241 773 276 813 B

306 429 447 488 χρεών
484 434 585 482 νῦν,

311 115 393 157 434
790 114 1169 157 PLATONIS

311 229 402 280 οἶός
437 229 476 272 τ’
519 229 578 272 ὢν
617 230 727 286 πρὸς
763 239 858 281 ταῖς
904 235 1134 288 δημοσίαις
1179 230 1359 287 ἀρεταῖς
1403 233 1650 284 κεκτῆσθαι,

311 295 463 352 σχεδὸν
499 295 645 354 ἄρχων
680 299 758 352 μὲν
794 297 872 341 οὐκ
906 298 965 342 ἄν
1005 316 1109 342 ποτε
1140 302 1311 353 γένοιτο
1346 297 1496 349 ἱκανὸς
1546 298 1649 351 ὅλης

311 363 495 414 πόλεως,
541 364 757 419 ὑπηρέτης
793 365 830 407 δ’
872 363 929 408 ἂν
972 365 1122 416 ἄλλοις
1166 363 1399 421 ἄρχουσιν.
1446 364 1559 422 ὁρᾶν
1595 365 1647 418 δὴ

628 425 658 473 ὦ
699 433 878 475 Κλεινία
913 436 985 475 καὶ
1023 435 1229 487 Μέγιλλε,
1275 430 1358 484 ἤδη
1402 431 1513 488 πρὸς
1558 441 1649 483 τοῖς

310 503 546 554 εἰρημένοις
580 500 732 553 νόμοις
765 498 934 542 ἅπασιν
967 498 1098 549 ὅσους
1138 501 1478 555 διεληλύθαμεν,
1515 504 1549 542 εὶ
1576 503 1647 543 καὶ

311 567 472 608 τοῦτον
507 570 808 623 προςοίσομεν,
845 565 902 616 ὡς
936 565 1141 624 φυλακὴν
1175 566 1386 621 ἐσόμενον
1421 565 1533 609 κατὰ
1572 565 1648 610 νό-

308 650 392 686 μον
433 630 565 688 χάριν
610 637 825 688 σωτηρίας
871 633 950 676 τὸν
996 636 1082 676 τῶν
1126 633 1354 688 ἀρχόντων
1397 632 1649 688 νυκτερινὸν

310 699 548 753 σύλλογον,
595 702 794 751 παιδείας
840 699 1007 753 ὁπόσης
1060 700 1382 756 διεληλύθαμεν
1436 699 1649 743 κοινωνὸν

309 766 566 819 γενόμενον·
606 765 630 818 ἢ
671 769 761 817 πῶς
794 770 1010 820 ποιῶμενς

413 836 511 877 ΚΛ.
578 833 711 883 Ἀλλ’,
748 828 778 875 ὦ
816 837 971 888 λῷστε,

310 918 367 960 πῃ
404 904 474 943 καὶ
511 900 622 943 κατὰ
661 902 802 956 βραχύ
841 904 1106 955 δυνηθῶμεν

409 969 507 1010 ΑΘ.
579 969 666 1009 Καὶ
703 967 791 1021 μὴν
829 969 938 1023 πρός
973 987 1016 1018 γε
1053 969 1102 1010 το
1141 968 1347 1010 τοιοῦτον
1387 965 1648 1021 ἁμιλληθῶ·

308 1052 386 1086 μεν
423 1034 597 1084 πάντες.
635 1034 886 1090 ξυλλήπτωρ
925 1037 1010 1091 γάρ
1049 1034 1206 1078 τούτου
1246 1051 1289 1084 γε
1326 1032 1428 1086 ὑμῖν
1463 1037 1533 1075 καὶ
1567 1039 1645 1086 ἐγω

308 1105 537 1156 γιγνοίμην
581 1099 638 1143 ἂν
682 1101 948 1157 προθύμως,
991 1103 1101 1156 πρὸς
1139 1100 1176 1143 δ’
1221 1103 1313 1152 ἐμοὶ
1360 1103 1429 1143 καὶ
1478 1105 1648 1155 ἑτέρους

308 1170 407 1219 ἴσως
443 1167 630 1223 εὑρήσω,
676 1169 746 1211 ὁιὰ
787 1167 867 1219 τὴν
910 1174 1004 1224 περὶ
1042 1169 1095 1212 τὰ
1135 1166 1303 1210 τοιαῦτ’
1345 1172 1569 1223 ἐμπειρίαν
1604 1185 1648 1210 τε

307 1239 378 1278 καὶ
415 1242 569 1293 σκέψιν
605 1236 836 1288 γεγονυῖάν
870 1255 943 1292 μοι
982 1240 1051 1279 καὶ
1088 1234 1208 1291 μα’λα
1245 1236 1421 1290 συχνήν.

1017 837 1105 884 πῶς
1150 832 1200 876 οὐ
1240 838 1546 889 προςοίσομεν,
1590 832 1648 875 ἄν

401 1392 438 1423 Β
492 1390 512 1433 ἢ
539 1392 622 1422 πῶς
649 1389 871 1431 ποιιῦμειις]
908 1390 1073 1428 ποιοῦμεν
1107 1401 1194 1422 corr.
1228 1388 1265 1422 Ω.
1293 1400 1322 1422 a.
1351 1390 1380 1423 δ.
1407 1391 1495 1422 Dein
1522 1394 1569 1422 τίς
1593 1389 1646 1422 δαὶ

311 1436 329 1469 0‘
357 1449 403 1478 ιρ.
432 1440 474 1471 Α,
506 1436 542 1469 Ω.
569 1438 591 1470 f.
616 1448 647 1468 a
674 1449 702 1470 e
730 1436 758 1468 δ.
789 1449 818 1468 ο
844 1447 878 1470 x.

399 1483 437 1515 C.
489 1482 533 1515 τὰ
558 1496 577 1514 ι
587 1484 633 1515 ὑι-
661 1484 847 1525 λέγωμέι
875 1494 912 1513 τε
938 1483 1002 1513 καὶ
1028 1481 1087 1521 ἐρ
1101 1481 1111 1524 ]
1138 1483 1232 1514 Vett.
1260 1483 1356 1516 editt.
1378 1482 1528 1524 λέγομει,
1553 1483 1645 1524 quod

308 1541 350 1561 ex
379 1533 414 1561 A.
444 1530 481 1563 Ξ.
509 1541 538 1561 ν.
563 1541 591 1561 r.
617 1541 648 1562 a.
676 1541 704 1561 c.
731 1528 760 1561 ὅ.
786 1541 819 1564 x.
847 1534 879 1560 et
893 1539 943 1571 p.r
965 1526 1002 1559 Ω.
1030 1534 1232 1561 correctum
1261 1530 1445 1571 Vulgatam
1474 1529 1509 1560 in
1537 1539 1644 1570 marg.

308 1581 463 1609 notatam
490 1577 618 1608 habent
647 1573 684 1606 Ω.
712 1586 742 1607 a.
769 1587 797 1608 c.
825 1574 853 1607 δ.

401 1619 555 1654 Οὐκέτι
582 1620 765 1664 τόμους]
814 1623 856 1652 V.
886 1619 1014 1658 ιόμοις
1050 1620 1294 1652 Accusativum
1323 1625 1464 1652 tuentur
1491 1624 1528 1652 A.
1559 1618 1597 1651 Ω.
1623 1620 1646 1652 f.

308 1679 334 1699 r.
359 1679 389 1700 a.
408 1667 435 1699 δ.
455 1680 484 1699 ο.
511 1679 544 1700 x.
575 1669 643 1700 Pro
668 1668 878 1706 νομοθετεῖν,
904 1667 998 1699 Fxor.
1026 1677 1056 1698 a.
1079 1677 1106 1698 c.
1124 1664 1152 1697 δ.
1173 1664 1210 1697 Ω.
1227 1667 1262 1697 in
1288 1677 1394 1707 marg.
1421 1666 1645 1707 νομοθετητέ-

307 1781 564 1812 constructione
577 1781 659 1812 alibi
675 1782 836 1813 diximus.
866 1780 941 1810 Mu-

307 1837 380 1859 sam
420 1838 484 1868 pro
520 1831 615 1858 arte
651 1828 817 1860 musica
855 1827 944 1857 dixit

308 1874 412 1905 etiam
438 1874 588 1904 Horat.
615 1873 730 1914 Satyr.
751 1873 798 1904 ΙΙ.
816 1872 940 1912 3,105.

308 1919 469 1951 Ceterum
500 1919 733 1959 Pythagorica
756 1925 837 1950 sunt
855 1929 942 1960 quae

308 1966 364 1997 hie
389 1967 431 1997 de
459 1967 492 1996 vi
518 1966 669 1997 musicae
696 1967 729 1997 in
757 1966 941 1997 emendan-

307 2012 360 2043 dis
385 2012 539 2044 moribus
565 2012 773 2044 indicantur.

1009 2057 1089 2088 don.
1117 2067 1149 2097 p.
1178 2055 1256 2089 109.
1285 2055 1324 2086 D.

399 2082 438 2137 ι).
469 2080 546 2134 θεῖε.
605 2078 709 2140 πρὸξ
747 2082 838 2110 ταῖς
874 2077 938 2132 δ,ηῑ
1055 2101 1094 2132 Β,
1154 2098 1397 2143 ξυιιήπιωρ
1430 2102 1508 2141 γὰρ
1551 2096 1642 2131 τού·

307 2136 478 2166 μθσῑαίὲ
503 2134 698 2168 apertus]
732 2124 829 2162 Quae
855 2126 938 2156 ³¹¹b¹
1011 2158 1086 2178 του
1118 2146 1169 2189 —]
1199 2148 1350 2189 operis
1376 2146 1574 2184 adiutor3
1609 2157 1642 2178 v.

309 2179 474 2206 vocantur
500 2169 665 2214 δημώδεις
688 2175 722 2202 et
741 2172 915 2202 πολιτικαί.
1009 2194 1053 2225 ad
1078 2192 1196 2234 Symp
1224 2204 1254 2234 p
1281 2191 1358 2225 218
1385 2191 1429 2222 D
1459 2192 1544 2223 post
1562 2193 1644 2223 ἴσως

1008 2236 1142 2279 εὑρήσω
1167 2244 1334 2270 commate
1355 2238 1512 2276 distinxi,
1535 2248 1644 2278 quan-

1009 2285 1196 2326 doquidem
1222 2285 1307 2316 ista:
1343 2280 1396 2314 διὰ
1422 2282 1481 2325 τὴν
1507 2285 1580 2325 περὶ
1607 2282 1644 2315 ιὰ

1012 1780 1162 1811 sativum
1198 1778 1371 1820 participii
1408 1780 1457 1811 sic
1486 1783 1566 1820 post
1600 1775 1646 1810 ὥς

1011 1830 1215 1866 usurpatum
1248 1825 1502 1856 illustravimus
1534 1825 1645 1866 Legg.

1011 1872 1038 1902 I.
1078 1882 1109 1912 p.
1138 1871 1213 1905 643.
1250 1871 1295 1902 D.
1333 1871 1398 1902 VI.
1434 1883 1465 1913 p.
1493 1871 1569 1905 762.
1605 1872 1646 1903 Ε.

1012 1918 1087 1951 766.
1115 1919 1154 1948 Ε.
1178 1916 1254 1950 783.
1283 1917 1327 1949 D.
1349 1917 1408 1949 ΙΧ.
1436 1929 1467 1959 p.
1494 1917 1572 1951 853.
1605 1916 1643 1948 C.

1010 1962 1087 1998 874.
1113 1963 1153 1997 Β
1180 1963 1227 1995 X.
1252 1973 1283 2004 p.
1301 1962 1380 1997 886.
1398 1964 1441 1995 D.
1470 1965 1546 1996 Alia
1572 1963 1646 1995 eius

1010 2011 1168 2050 exempla
1193 2010 1429 2051 congessimus
1463 2010 1506 2042 ad
1536 2010 1644 2042 Phae-

352 2239 404 2273 ὥς
430 2239 625 2282 φυλακὴν
649 2237 854 2278 ἐσόμενον
878 2239 938 2280 -]

305 2290 416 2320 Prave
444 2288 548 2329 vulgo
583 2292 663 2328 post
692 2287 859 2327 σωτηρίας
889 2285 939 2315 di-

307 2336 490 2375 stinguunt
515 2338 700 2372 commate3
731 2342 836 2374 prave
859 2331 942 2362 item

307 2381 516 2412 Turioenses
546 2390 680 2412 comma
712 2384 790 2419 post
824 2376 941 2409 σύλλο-

307 2438 370 2467 γον
403 2427 625 2458 sustulerunt.
682 2425 771 2457 Nam
805 2421 850 2456 ὥς
881 2423 940 2454 ad-

307 2473 426 2504 iuncto
462 2473 662 2504 accusativo
686 2472 861 2512 participii
895 2470 939 2500 si-

308 2519 450 2559 gnifieat
480 2519 570 2550 idem
604 2518 712 2559 quod:
751 2518 941 2558 νομίζοντες

307 2562 366 2595 τὸν
391 2565 456 2595 τῶν
480 2561 652 2605 ἀρχόντων
677 2561 844 2604 σύλλογον
869 2561 938 2592 ἔσε-

307 2610 393 2641 σθαι
422 2609 578 2651 φυλακὴν
605 2607 687 2641 κατὰ
714 2607 823 2648 νόμον
846 2605 942 2649 χάριν

306 2659 491 2698 σωτηρίαα
514 2657 692 2697 genitivus·
714 2654 866 2687 παιδείας
882 2663 940 2685 au-

304 2708 372 2735 tem
398 2703 523 2743 pendet
549 2713 589 2733 cx
620 2699 799 2734 κοινωνόν.
836 2705 941 2732 Acon-

1012 2342 1036 2361 τ.
1053 2349 1092 2352 -
1112 2328 1247 2371 συχνήν,
1273 2331 1460 2362 cohaerent
1486 2340 1562 2362 cum
1587 2340 1641 2361 su-

1008 2377 1224 2417 perioribus:
1260 2374 1455 2418 ξυλλήπτωρ
1482 2395 1523 2399 -
1558 2386 1639 2416 προ-

1009 2421 1142 2461 &imus

1055 2468 1093 2499 C.
1129 2466 1275 2500 (’)υ“κι»ἰι
1301 2464 1529 2509 ι·όμους-]
1558 2465 1639 2497 Per·

1007 2525 1122 2555 peram
1152 2517 1304 2547 Astius
1337 2511 1448 2546 οὐκέτι
1472 2513 1640 2553 interpre—

1008 2566 1115 2592 tatur:
1147 2571 1424 2603 nequaquam.
1470 2558 1544 2590 Imo
1571 2563 1638 2590 est:

1007 2618 1089 2639 non
1116 2608 1212 2647 iam,
1240 2607 1443 2644 nondum,
1481 2605 1638 2645 quando-

1006 2654 1146 2694 quidem
1176 2653 1394 2686 Atheniensis
1418 2655 1544 2690 censet,
1569 2660 1639 2682 non

1011 2701 1076 2731 iam
1103 2700 1177 2731 fieri
1204 2710 1308 2740 posse
1336 2704 1373 2730 ut
1398 2696 1490 2738 leges
1515 2696 1558 2728 de
1583 2707 1638 2728 cu-
