1781 2971
309 151 360 189 fr.)
804 146 1185 188 PLATONIS

312 264 460 304 πάντα
500 261 668 315 ἀνόητε,
714 263 796 303 κάν
833 262 1088 320 mpoeMrJtai
1126 279 1186 313 τι,
1233 265 1404 303 ὸικαιον
1450 263 1529 313 μὲν
1576 260 1667 300 πᾶν

314 328 426 372 εἶναι
461 332 627 385 φατέον
677 326 726 370 τὸ
765 327 903 387 ταύτῃ
940 330 1147 383 πραχθὲν
1183 331 1256 371 καὶ
1295 325 1343 369 τὸ
1396 328 1473 378 τῆς
1512 325 1669 367 τοιαύ-

315 412 391 447 της
427 394 568 448 αὐχης
603 392 865 448 μγνόμενον
900 393 1101 445 ὑπήκοον
1126 393 1334 442 animm,

1376 395 1447 434 καὶ
1485 394 1551 434 ἐπι
1592 390 1670 433 τὸν

314 461 495 504 ἅταντα
534 459 798 517 ἀνθρώπων
834 463 933 515 βίον
970 458 1168 514 ἄριστον,
1205 461 1478 513 δοξαζεσθαι
1510 462 1554 501 δὲ
1583 456 1670 500 υπὸ

317 528 496 570 πολλῶν
541 525 755 570 ἀκούσιον
800 527 978 570 ἀδικίαν
1027 526 1137 570 εἶναι
1187 527 1269 579 τὴν
1317 526 1528 578 τοιαύτην
1565 525 1673 578 βλά·

318 596 416 647 θην.
453 593 559 649 ἡμῖν
596 596 639 638 δὲ
679 593 757 637 οὐκ
795 598 881 637 ἔστι
922 593 973 636 τά
1016 595 1095 636 νῦν
1134 593 1370 649 ὀνομάτων

352 674 370 684 x

1424 598 1515 648 πέρι
1557 589 1675 642 δύςε-

415 735 592 777 ὸυ’ςερις
619 734 766 776 λόγος]
795 735 951 777 δυ’σσερις
980 734 1053 766 Vnt.
1084 736 1104 765 f.

320 847 574 880 accuratiorem
616 844 826 877 reddidisset
859 846 964 877 ratio-

322 903 410 925 nem.
441 892 502 924 Est
523 892 611 923 enim
634 891 686 923 illa
716 889 901 930 eiusmodi,
929 896 965 922 ut

323 948 387 979 qua
426 947 549 969 caussa
589 941 624 969 et
659 937 795 969 ratione
827 937 965 976 nitatur,

322 983 584 1025 haudquaquam
612 982 875 1024 perspiciamus.
901 983 967 1016 Ne-

323 1040 389 1071 que
408 1040 470 1072 per
488 1039 562 1061 eam
580 1027 715 1066 illud‚in
732 1038 800 1069 quo
817 1029 967 1061 maxime

324 1076 516 1114 haeremus,
539 1076 610 1107 ullo
627 1073 731 1106 modo
757 1074 889 1106 tollitur
910 1078 969 1106 aut

324 1125 535 1154 removetur.
561 1119 664 1155 Quod
684 1121 787 1161 quale
808 1121 866 1160 sit,
885 1130 967 1162 pau-

325 1168 374 1201 cis
385 1167 562 1200 declarare
577 1166 704 1198 licebit.
726 1165 860 1198 Etenim
877 1164 967 1197 istud

323 1211 456 1246 τούτων
487 1211 672 1253 ἡγεῖσθαι,
715 1210 860 1244 horum
900 1211 967 1243 du-

325 1270 398 1292 ces
429 1268 551 1297 esse,
596 1256 703 1290 baec
732 1268 895 1299 regere
926 1262 969 1290 et

326 1303 570 1343 moderari,
607 1313 772 1345 quorsum
808 1303 862 1336 hic
888 1313 967 1345 spe—

326 1354 417 1390 ctet,
459 1350 517 1381 ubi
551 1349 594 1381 de
627 1349 722 1389 eius,
754 1349 847 1389 quod
882 1348 968 1390 opti-

327 1406 420 1429 mum
458 1396 521 1436 sit,
559 1395 725 1436 opinione
765 1395 971 1436 disputatur,

328 1442 500 1476 intellectu
527 1450 611 1472 sane
644 1440 878 1473 difficillimum
908 1444 971 1471 est.

330 1485 476 1520 Accedit
503 1485 598 1527 quod
626 1496 702 1518 cum
721 1486 822 1517 huius
848 1485 972 1518 dictio-

328 1534 381 1566 nis
415 1542 481 1564 usu
513 1532 718 1564 coniunctae
754 1536 833 1564 sunt
871 1532 972 1564 etiam

329 1580 417 1612 aliae
435 1577 685 1618 dubitationes,
713 1577 885 1619 siquidem
912 1587 975 1609 nec

333 1623 469 1657 τούτων
511 1627 609 1655 recle
652 1623 694 1655 ad
728 1627 795 1655 τοῦ
827 1621 974 1666 ἀρίστου

331 1670 497 1705 refertur,
537 1679 599 1701 nec
638 1668 787 1701 futurum
834 1668 977 1700 ἔσεσθαι

331 1720 390 1748 aut
454 1714 829 1747 Winckelmannianum
894 1713 975 1746 illud

333 1762 481 1792 ἕπεσθαι
507 1760 694 1802 quidquam
723 1759 844 1799 habet,
884 1761 977 1791 unde

332 1806 497 1850 pendeat.
539 1807 656 1847 ltaque
682 1816 748 1838 non
767 1805 976 1844 dubitamus,

332 1852 414 1894 quin
439 1852 504 1884 alia
531 1851 700 1892 quaedam
725 1852 821 1884 labes
848 1851 898 1883 hic
924 1853 978 1883 in-

333 1897 476 1932 sederit.
517 1897 597 1929 Par.
630 1901 668 1930 A.
705 1908 747 1930 ex
778 1907 866 1930 corr.
893 1898 976 1930 scri-

333 1949 428 1986 ptum
457 1941 598 1976 exhibet
624 1946 762 1976 τοῦτον.
788 1943 893 1978 Quod
919 1943 975 1974 ubi

334 1992 365 2023 in
393 1992 501 2021 τοῦτο
528 1993 607 2030 aut,
642 1989 734 2032 qnod
769 1989 976 2022 Herman-

334 2046 384 2068 no
410 2034 557 2076 placuit,
590 2035 621 2066 in
655 2033 767 2067 τοῦτο’
793 2046 829 2076 γε
865 2039 977 2067 muta-

337 2081 446 2121 veris,
489 2083 656 2122 protenus
688 2090 803 2113 veram
841 2090 978 2122 germa-

336 2136 484 2167 namque
517 2126 675 2158 Platonis
708 2135 844 2158 manum
877 2125 979 2158 habe-

335 2173 462 2205 bimus.
533 2172 624 2204 Nam
681 2171 861 2204 lenissima
917 2171 979 2203 hac

338 2218 521 2251 verborum
548 2218 742 2250 mutatione
775 2218 888 2256 facta,
919 2227 980 2248 na-

339 2265 446 2297 scitur
471 2264 642 2296 sententia
669 2263 711 2295 ad
738 2263 885 2295 universi
914 2262 980 2294 loci

337 2310 507 2343 rationem
534 2310 684 2342 maxime
708 2308 982 2347 accommodata,

340 2366 429 2398 quae
469 2355 606 2397 quidem
644 2354 728 2387 llaec
769 2359 840 2388 est:
882 2364 981 2396 qua-

341 2410 514 2441 cunque
582 2401 747 2434 demum
808 2402 983 2433 ratione

341 2446 454 2480 illud
487 2445 551 2489 (τό
587 2446 752 2490 ὅρισιον)
785 2446 980 2479 futurum

342 2502 439 2526 esse
467 2494 732 2533 putaverint
769 2492 981 2524 civitates

343 2539 407 2570 vel
458 2538 623 2579 privati
677 2538 838 2579 aliqui:
889 2537 981 2580 quod

342 2594 446 2617 nemo
480 2584 548 2616 erit
579 2585 658 2625 quin
693 2583 863 2617 eiusmodi
906 2593 984 2616 esse

343 2630 521 2671 largiatur,
547 2640 617 2671 quo
640 2631 754 2662 variae
779 2631 870 2669 illae,
899 2639 985 2671 quas

343 2676 536 2717 tetigimus,
563 2676 796 2715 difficultates,
824 2680 984 2717 tanquam

343 2731 410 2754 uno
462 2723 531 2755 ictu
578 2726 820 2756 removeantur
882 2726 985 2763 atquc

1035 846 1173 898 penitus
1213 846 1387 877 tollantur.

1036 891 1168 923 ratio-ie
1207 894 1302 922 tanto
1355 890 1483 921 certius
1536 886 1675 920 confidi-

1036 947 1112 969 mus
1161 941 1197 969 et
1252 937 1529 976 acquiescimus
1582 932 1677 974 qnod

1035 984 1087 1016 liis
1130 982 1258 1015 dudum
1311 982 1343 1013 in
1395 982 1545 1012 chartam
1597 988 1677 1010 con-

1035 1029 1135 1062 iectis
1162 1027 1432 1060 animadxertere
1459 1025 1549 1057 licuit
1575 1024 1677 1056 etiam

1038 1076 1207 1107 illustrem
1250 1073 1482 1106 Cousinum
1525 1072 1556 1102 in
1599 1079 1678 1102 ean-

1038 1121 1117 1153 dem
1157 1119 1341 1159 incidisse,
1374 1119 1427 1150 cui
1453 1118 1508 1149 uni
1542 1125 1678 1149 omnem

1038 1166 1134 1198 liuius
1157 1166 1286 1197 inventi
1314 1164 1448 1196 laudem
1468 1164 1532 1194 iam
1561 1163 1679 1194 luben-

1037 1217 1091 1244 ter
1117 1211 1353 1243 concedimus.
1405 1210 1569 1241 Ceterum
1589 1206 1680 1249 quod

1037 1257 1139 1294 πόλις
1165 1262 1200 1289 et
1225 1257 1361 1288 ἰδιῶται
1391 1257 1600 1296 iunguntur,
1636 1253 1681 1285 de

1039 1314 1080 1335 eo
1107 1313 1137 1334 v.
1166 1312 1242 1334 ann
1269 1301 1311 1334 ad
1338 1301 1446 1341 Gorrr.
1479 1311 1511 1342 p.
1539 1300 1618 1334 507
1640 1298 1679 1330 D

1039 1349 1148 1390 legg.
1185 1349 1209 1381 l.
1238 1358 1269 1390 p.
1298 1347 1376 1381 645.
1406 1347 1445 1379 Β.
1471 1345 1550 1380 64].
1580 1347 1618 1378 Α
1647 1349 1682 1376 et

1042 1395 1086 1427 de
1112 1395 1178 1425 εἴτε
1203 1394 1310 1426 semel
1338 1394 1473 1436 posito,
1500 1401 1602 1433 quum
1630 1389 1683 1422 di-

1041 1439 1187 1473 cendum
1227 1444 1337 1472 esset:
1374 1439 1438 1470 εἴτε
1476 1437 1577 1474 πόλις
1617 1436 1682 1467 εἴτε

1041 1486 1178 1518 ἰδιῶταί
1209 1497 1312 1525 τινες,
1347 1484 1455 1526 Legg.
1469 1484 1510 1515 Ι.
1543 1494 1579 1525 p.
1603 1475 1682 1516 632

1044 1533 1088 1565 D.
1116 1531 1207 1564 Vlll.
1243 1541 1275 1572 p.
1302 1530 1381 1565 841
1442 1522 1621 1561 .Ῥυ1ἰῑίε.
1649 1538 1680 1568 p.

1044 1577 1124 1613 283.
1153 1576 1191 1608 Ε.
1221 1575 1554 1662 8ορ11ἱ8ΐ.ρ.224ρ
1576 1574 1616 1609 D.
1642 1574 1683 1605 E.
1711 1588 1719 1589 r

1046 1624 1275 1656 Hermann.
1307 1623 1348 1654 ad
1383 1622 1501 1664 Viger.
1603 1615 1682 1653 834.

1046 1667 1264 1702 Matthiae
1288 1669 1350 1700 Gr.
1378 1667 1409 1707 ξ.
1429 1649 1515 1702 '’617-
1543 1667 1575 1701 6.
1617 1667 1685 1697 At-

1045 1725 1112 1756 que
1139 1713 1187 1746 his
1214 1713 1260 1746 ita
1286 1713 1478 1755 expeditis,
1510 1712 1686 1755 pergimus

1045 1762 1088 1793 ad
1123 1759 1289 1801 proxima.
1347 1760 1387 1791 In
1427 1759 1476 1792 his
1513 1769 1576 1800 pro
1611 1757 1685 1789 vul-

1046 1810 1145 1848 gato:
1181 1807 1216 1836 ἐν
1254 1808 1347 1850 ψυχῆ
1378 1805 1547 1859 διακοσμῆ
1588 1801 1686 1835 haud

1045 1855 1246 1885 cunctanter
1296 1862 1339 1883 ex
1388 1851 1528 1893 optimis
1583 1848 1686 1882 codd.

1048 1897 1249 1939 scripsimus
1265 1898 1298 1927 ἐν
1315 1901 1445 1939 ψυχαῖς
1463 1897 1552 1929 (imm
1582 1893 1686 1929 Quod

1047 1943 1219 1976 nescimus
1257 1953 1316 1975 cur
1361 1943 1480 1984 nuperi
1533 1940 1718 1973 editores»

1047 1993 1194 2030 excepto
1278 1988 1580 2021 Hermanno
1655 1991 1688 2018 et

1048 2033 1318 2068 Schneider-o
1368 2035 1458 2067 adeo
1506 2032 1690 2065 fastidiose

1047 2080 1256 2123 spreverint.
1285 2080 1455 2112 Convenit
1472 2079 1558 2111 enim
1588 2088 1686 2119 egre-

1047 2129 1103 2168 gie
1153 2135 1229 2157 cum
1274 2135 1335 2167 eo,
1384 2125 1478 2166 quod
1517 2124 1688 2165 sequitur,

1047 2171 1159 2204 πάντα
1183 2171 1312 2211 ἄνδρα,
1339 2175 1372 2203 et
1399 2181 1475 2203 cum
1501 2169 1600 2206 πόλις
1624 2170 1690 2201 εἴτε

1047 2217 1193 2255 hita-nm.
1242 2216 1312 2247 Sed
1346 2217 1436 2248 istud
1472 2215 1610 2257 quidem
1637 2215 1689 2247 le·

1048 2263 1134 2296 vius.
1184 2262 1365 2294 Difficilius
1392 2267 1444 2294 est
1469 2261 1620 2294 iudicare
1646 2260 1691 2293 de

1049 2309 1163 2341 verbis
1189 2307 1256 2340 his:
1283 2307 1323 2339 τὸ
1352 2311 1415 2348 τῆς
1432 2305 1600 2348 τοιαύτης
1626 2302 1689 2348 α’ρ-

1047 2353 1112 2395 χῆς
1161 2352 1362 2396 γιγνόμενον
1409 2352 1571 2397 ὑπήκοος
1603 2351 1690 2384 ἑκά,

1052 2411 1157 2432 στων
1182 2412 1209 2430 κ.
1235 2412 1265 2430 τ.
1293 2400 1322 2431 λ.
1378 2401 1420 2432 In
1451 2399 1575 2441 qulbus
1613 2397 1689 2430 ἔκη’-

1052 2457 1139 2478 στων
1179 2446 1285 2478 monn
1332 2446 1402 2478 vitii
1446 2445 1691 2487 suspicionem,

1050 2493 1096 2524 ita
1122 2495 1160 2523 ut
1187 2492 1350 2523 Astius
1379 2492 1459 2524 illud
1488 2491 1633 2523 voluerit
1657 2491 1691 2521 in

1049 2537 1189 2570 ἕκαστον
1204 2538 1341 2575 mutari,
1369 2537 1606 2570 Cornan-ius
1631 2544 1690 2568 au-

1052 2588 1121 2615 tem
1159 2593 1221 2625 pro
1248 2593 1289 2616 eo
1322 2582 1448 2623 ἐρατόν
1472 2581 1690 2615 scribendum

1053 2629 1265 2662 indicaverit.
1322 2629 1432 2662 Nobis
1470 2631 1584 2661 tamen
1618 2625 1692 2659 ἱκά-

1054 2687 1142 2706 mm»
1177 2677 1321 2718 probum
1357 2676 1499 2708 videtur.
1559 2672 1693 2706 Pendet

1056 2723 1143 2754 enim
1179 2724 1350 2761 «genitivus
1385 2733 1425 2754 ex
1454 2721 1494 2751 ·1=›'
1527 2719 1692 2761 {inq-nour.

1459 847 1570 884 Atque
1615 841 1678 873 lnac
