1781 2971
248 113 330 155 DE
365 112 642 156 LEGIBUS
675 113 791 155 LIB.
827 112 935 155 XII.
970 114 1016 155 P.
1051 115 1144 156 953,
1179 112 1244 156 St.
1355 114 1435 155 383

82 239 178 285 γοῖς
214 247 259 274 τε
282 232 353 272 καὶ
389 229 627 286 ἱππάρχοις
665 232 735 272 καὶ
775 229 1023 286 ταξιάρχοις
1058 229 1322 274 ὑποδεκτέον
1348 233 1433 274 ἐστὶ

81 298 259 354 μόνοις,
310 296 389 348 τήν
438 296 474 339 τ’
516 300 765 352 ἐπιμέλειαν
803 300 889 340 τῶν
940 296 1154 341 τοιούτων
1190 297 1298 353 μετὰ
1351 299 1438 340 τῶν
1484 296 1519 337 C

83 364 341 421 πρυτάνεων
378 370 587 416 ποιητέον
622 368 783 419 ἐκείνῳ,
821 365 931 421 παρ’
968 363 1058 420 ὅτῳ
1096 383 1160 415 τις
1194 363 1252 407 ἄν
1289 365 1439 407 αὐτῶν

81 434 164 484 την
198 431 442 475 κατάλυσιν
486 430 695 482 ξενωθεὶς
741 432 1007 484 ποιήσηται,
1053 433 1192 487 μόνῳ.
1232 438 1441 487 τέταρτος

83 503 127 542 δὲ
164 497 222 542 ἄν
272 503 378 542 ποτέ
424 515 490 547 τις
518 498 762 556 ἀφίκηται,
810 500 998 549 σπάνιος
1045 504 1142 553 μέν,
1180 495 1237 540 ἂν
1275 498 1312 541 δ’
1357 492 1439 542 οὖν

83 571 188 609 ποτέ
222 583 288 616 τις
321 568 438 625 ἔλθῃ
475 566 561 607 τῶν
599 566 704 622 παρ’
758 565 864 621 ἡμῖν
909 568 1098 622 θεωρῶν
1140 565 1441 624 ἀντίστροφος

82 633 124 684 ἐξ
168 630 306 685 ἄλλης
345 631 518 688 χώρας,
572 634 750 689 πρῶτον
792 635 874 688 μὲν
920 637 1104 676 ἔλαττον
1148 635 1258 675 ἐτῶν
1303 636 1440 687 μηδὲν

82 699 361 752 πεντήκοντα
410 699 599 753 γεγονώς
648 704 776 749 ἔστω,
815 698 928 756 πρὸς
963 699 1108 755 τούτῳ
1147 702 1190 742 δὲ
1227 698 1363 752 ἀξιῶν
1397 717 1440 742 τι

81 767 219 810 καλὸν
255 770 362 810 ἰδεῖν
400 769 486 808 τῶν
520 771 567 808 ὲν
604 775 701 817 ταῖς
735 764 892 816 ἄλλαις
927 766 1097 817 πόλεσι,
1142 769 1358 824 διαφέρον
1395 773 1441 809 ἐν

81 837 339 884 καλλοναῖς,
386 831 413 885 ἢ
450 835 524 876 καὶ
562 834 698 885 δεῖξαί
735 850 776 876 τι
814 833 928 877 κατά
970 833 1112 877 ταῦτα
1151 834 1263 894 ἄλλῃ
1299 833 1438 878 πόλει.

82 901 156 944 ἰ’τω
193 903 273 956 μὲν
309 902 390 944 νῦν
427 903 515 950 πᾶς
550 896 808 951 ἀκέλευστος
844 900 866 945 ὁ
904 904 1109 952 τοιοῦτος
1145 904 1216 944 ἐπὶ
1244 899 1325 951 τὰς
1352 903 1440 944 τῶν
1472 897 1514 938 D

83 971 304 1011 πλουσίων
338 969 411 1010 καὶ
459 970 613 1025 σοφῶν
657 968 832 1024 θύρας,
877 971 1083 1020 τοιοῦτος
1117 973 1265 1025 ἕτερος
1301 966 1440 1019 αὐτὸς

82 1033 163 1078 ὤν·
213 1038 281 1078 ἐπὶ
330 1033 416 1090 γὰρ
465 1034 547 1087 τὴν
598 1038 678 1078 τοῦ
725 1037 804 1087 τῆς
852 1039 1053 1088 παιδείας
1098 1038 1439 1092 ἐπιμελουμένου

82 1102 227 1155 πάσης
270 1102 440 1154 οἴκησιν
486 1102 561 1144 ἰ’τω
608 1102 825 1146 πιστεύων
868 1106 1030 1155 ἱκανῶς
1074 1103 1186 1147 εἶναι
1221 1103 1342 1155 ξένος
1379 1105 1439 1157 τῷ

85 1169 271 1225 τοιούτῳ
309 1169 426 1224 ξένῳ,
463 1166 489 1220 ἢ
518 1166 602 1220 τὴν
631 1171 717 1212 τῶν
751 1169 1006 1229 νικηφόρων
1044 1169 1165 1220 τινὸς
1187 1169 1246 1213 ἐπ’
1283 1167 1439 1231 ἀρετῇ·

77 1285 190 1340 ’δεῖξαι
228 1301 266 1331 Α.
293 1309 327 1331 x.
356 1304 390 1331 et
413 1310 465 1340 pr.
497 1297 535 1333 Ω.
572 1301 659 1332 maie
696 1298 806 1341 δόξαι.
845 1300 1010 1332 Ceterum
1049 1297 1069 1342 ἢ
1102 1301 1200 1333 deest
1241 1302 1278 1332 in
1305 1301 1441 1343 aliquot

85 1348 187 1379 codd.
215 1347 319 1378 etiam
344 1347 379 1377 in
405 1355 516 1386 marg.
547 1343 576 1376 Ω

176 1393 221 1426 D.
272 1389 535 1423 ἀκέλευστος
561 1389 579 1423 ὁ
607 1393 836 1434 τοιοῦτος]
865 1390 883 1424 ὁ
910 1392 1070 1423 τοιοῦτος
1095 1403 1147 1434 pr.
1173 1393 1218 1423 A.
1251 1389 1289 1422 Ω.

179 1439 231 1481 τῷ
258 1436 448 1480 τοιούτῳ
475 1438 604 1480 ξένῳ,
632 1435 652 1480 ἢ
679 1437 750 1480 τὴν
780 1440 876 1480 τῶν]
907 1438 1082 1470 Scribitur
1107 1437 1307 1479 vulgogu‘fi
1333 1448 1358 1468 τ.
1386 1437 1439 1477 ξε-

86 1486 184 1522 νιῦνι,
220 1482 280 1526 τὴν
314 1495 340 1515 τ.
390 1483 460 1516 Sed
487 1494 569 1515 vere
594 1495 717 1527 margo
743 1486 839 1517 Flor.
869 1483 896 1518 δ.
933 1484 1030 1528 ξένῳ,
1059 1481 1081 1525 ἤ
1105 1483 1166 1526 τὴν
1192 1483 1257 1514 τῶν
1292 1481 1439 1524 νικηφό-

86 1542 168 1572 ρων.
224 1536 339 1573 Atque
371 1541 445 1562 eam
478 1531 664 1563 lectionem
697 1532 820 1563 Bastio
854 1532 995 1573 quidem
1028 1535 1117 1563 teste
1149 1531 1252 1562 etiam
1287 1531 1441 1570 optimus

86 1578 167 1609 Par.
197 1578 239 1608 A.
265 1577 399 1618 liquido
425 1577 657 1618 perscriptam
682 1578 807 1617 habet,
844 1588 946 1619 quem
980 1577 1164 1609 Bekkerus
1197 1581 1318 1608 narrat
1353 1575 1441 1607 nihil

87 1624 153 1655 nisi
180 1622 265 1665 ξένῳ
291 1633 355 1664 pro
383 1622 504 1663 ξὲνωνι
529 1633 573 1655 ex
599 1634 688 1658 corr.
715 1625 884 1666 scriptum
910 1624 1057 1661 habere,
1094 1622 1188 1665 quod
1214 1623 1331 1663 ipsum
1355 1631 1441 1663 quo-

134 1737 174 1769 C.
224 1733 319 1779 παρ’
343 1734 427 1780 ὅτῳ
454 1746 572 1768 τις-
592 1736 728 1781 μόνῳ]

87 1784 261 1816 eximie.
292 1795 325 1817 v.
358 1784 403 1815 ad
434 1782 554 1824 Symp.
588 1795 621 1825 p.
649 1785 732 1818 215.

88 1831 128 1863 C.
156 1836 190 1861 et
215 1830 292 1864 222.
319 1831 365 1861 A.

134 1876 216 1907 τῶν
258 1872 356 1915 παρ’
403 1871 500 1916 ἡμῖν
542 1875 730 1917 θεωρῶν

797 1739 952 1779 spitem
978 1738 1075 1769 fore
1108 1738 1195 1769 tali
1221 1738 1443 1779 hospitio,

796 1785 832 1815 h.
857 1794 886 1817 e.
914 1795 990 1816 sese
1016 1784 1102 1816 satis
1136 1784 1362 1825 hospitaliter
1392 1785 1442 1816 ibi

797 1837 981 1872 exceptum
1017 1832 1072 1862 iri.
1121 1831 1290 1862 Proxima.
1330 1831 1441 1871 vulgo

798 1877 964 1917 leguntur
988 1877 1051 1908 sic:
1081 1877 1127 1917 τῷ
1146 1873 1294 1918 τοιούτῳ
1310 1875 1444 1915 ξενώνι,

90 1920 413 1962 ἀντίστροφος]
453 1921 496 1951 Η.
528 1931 557 1952 e.
594 1924 653 1963 qui
685 1924 731 1954 si-

88 1969 180 2001 milis
207 1969 252 1999 sit
266 1969 336 2000 illis
353 1968 623 2009 spectatoribus,
643 1979 732 2009 quos

88 2025 154 2046 nos
181 2015 342 2046 volumus
378 2023 421 2046 ex
443 2018 566 2045 nostra
591 2015 733 2047 civitate

89 2063 126 2093 iu
151 2061 239 2092 alias
264 2065 376 2092 terras
403 2064 437 2091 et
461 2061 624 2100 regiones
651 2072 732 2102 pro-

89 2108 210 2139 ficisci.
230 2106 339 2151 *Confi
364 2107 410 2139 ad
435 2116 468 2146 p.
493 2105 574 2140 951.
601 2108 645 2140 A.

137 2174 354 2216 διαφέρον
389 2173 434 2206 ἐν
478 2175 732 2216 καλλοναῖς]

92 2221 168 2253 Hoc
193 2231 255 2262 per
280 2222 489 2263 epexegesin
515 2221 658 2252 additur
674 2232 735 2253 an—

92 2272 250 2308 tegresso
276 2265 382 2298 καλόν
408 2279 446 2304 τι,
471 2267 521 2298 ita
545 2272 584 2298 ut
609 2278 734 2309 augea-

92 2318 148 2345 tur
173 2314 268 2344 illius
294 2315 348 2345 vis
373 2319 407 2345 et
433 2313 659 2354 significatio.

163 2381 206 2412 D.
268 2381 337 2412 ι”τω
372 2399 415 2404 -
442 2380 512 2413 ἐπὶ
548 2380 622 2414 τὰς
657 2382 736 2414 τῶν

95 2424 555 2469 πλουσίων-θύρας]
582 2428 735 2470 DeRep.

93 2473 142 2507 ΙΙ.
168 2484 201 2514 p.
217 2472 296 2507 364.
321 2473 362 2504 B.
389 2472 443 2505 ἐπὶ
469 2474 644 2505 πλουσίων
668 2474 737 2506 θύ-

99 2527 161 2560 ρας
187 2517 315 2562 ἰόντες,
338 2519 424 2551 ibid.
451 2519 512 2551 Vl.
537 2530 571 2560 p.
598 2520 678 2554 489.
696 2521 738 2553 Β.

96 2565 136 2600 C.
172 2566 234 2597 ubi
272 2577 304 2598 v.
349 2576 430 2597 ann.
464 2584 506 2589 —
538 2566 740 2599 τοιοῦτος

108 2611 276 2652 ἕτερος,
302 2614 402 2643 item
429 2612 624 2653 sapiens.

152 2656 368 2690 πιστεύων
386 2658 543 2690 ἱκανῶς
561 2654 739 2702 eluat-J

113 2703 358 2745 confidens,
396 2715 494 2738 sese
528 2705 637 2737 satis
672 2705 742 2738 ho-

800 1921 860 1961 τὴν
888 1923 954 1953 τῶν
980 1920 1184 1963 νικηφόρων
1199 1941 1237 1944 -
1254 1917 1304 1952 ἐπ’
1330 1917 1447 1963 α’ρετῆ,

801 1967 898 2005 Quae
935 1969 1039 1999 lectio
1077 1969 1106 1999 si
1143 1972 1197 2000 est
1219 1968 1446 2008 intaminata,

799 2025 876 2045 cum
904 2016 936 2045 vi
963 2015 1112 2055 quadam
1139 2019 1172 2045 et
1186 2015 1362 2055 gravitate
1376 2015 1448 2046 ista.

800 2061 1016 2092 adiiciuntur
1055 2061 1247 2101 superiori:
1288 2058 1342 2091 ἐπὶ
1383 2059 1446 2102 τὴν

802 2107 865 2137 τοῦ
896 2107 955 2148 τῆς
988 2105 1143 2138 παιδείας
1172 2104 1259 2145 ἐπιμ.
1299 2106 1445 2148 οἴκησιν,

802 2154 869 2184 hoc
907 2164 1027 2185 sensu:
1075 2159 1146 2194 utp
1160 2158 1233 2185 ote
1277 2153 1447 2184 domum

803 2200 1001 2231 alicuius
1036 2209 1202 2239 eorum,
1242 2199 1314 2240 qui
1349 2209 1445 2239 pro-

801 2250 900 2286 pter
926 2247 1138 2277 virtutem
1165 2255 1283 2276 suam
1308 2245 1445 2275 virtu-

802 2293 860 2323 tis
904 2293 1146 2333 praemium
1189 2295 1446 2331 reportave-

803 2343 917 2369 runt.
945 2339 1059 2379 Atqui
1085 2339 1135 2369 ita
1148 2347 1269 2369 omnes
1289 2337 1348 2368 isti
1367 2346 1446 2377 per-

804 2385 1002 2425 grinatores
1028 2384 1233 2415 iuberentur
1263 2383 1446 2414 devertere

804 2431 898 2471 apud
923 2441 1030 2462 unum
1062 2430 1224 2470 publicae
1254 2429 1447 2462 institutio-

805 2478 860 2508 nis
886 2477 1143 2508 moderatorem
1155 2500 1163 2515 ,
1196 2475 1291 2516 quod
1322 2476 1448 2507 adver-

806 2527 903 2555 satur
929 2533 1033 2563 quum
1043 2522 1286 2562 superioribus
1312 2523 1448 2555 verbis:

805 2568 858 2600 ἐπὶ
885 2567 944 2600 τὰς
967 2569 1038 2600 τῶν
1055 2567 1230 2603 πλουσίων
1246 2566 1301 2598 καὶ
1325 2567 1449 2608 σοφῶν

805 2612 933 2655 θύρας,
958 2620 1032 2646 tum
1055 2614 1114 2653 iis,
1140 2624 1229 2655 quae
1253 2615 1374 2646 statim
1387 2614 1448 2646 ad·

809 2662 955 2693 duntur:
971 2657 1086 2702 ξυνών
1099 2657 1136 2691 δὲ
1161 2671 1176 2691 τ
1187 2670 1206 2691 ο
1218 2656 1327 2692 ύτων
1353 2671 1386 2691 τι
1398 2669 1447 2691 σι.

806 2707 957 2741 Accedit
980 2708 1065 2748 huc,
1091 2707 1186 2748 quod
1211 2706 1274 2738 τοῦ
1300 2705 1450 2747 ξενῶνοςΔ
