1781 2971
325 199 401 241 160
810 193 1186 238 PLATONIS

207 319 286 358 893
320 315 379 369 μὴ
419 316 470 363 δη
507 313 789 353 σκοτοδινίαν
827 311 995 364 ἴλιγγόν
1035 327 1078 354 τε
1121 311 1224 367 ὑμῖν
1263 309 1479 370 ἐμποιήσῃ
1523 325 1666 363 παρα·

320 376 567 439 φερόμενός
603 393 648 419 τε
684 380 755 420 καὶ
791 372 964 433 ὲρῶτῶν
999 377 1166 429 ἀήθεις
1211 376 1346 427 ὄντας
1379 376 1668 430 ἀποκρίσεων,

322 447 396 490 εἶτ’
454 443 774 499 ἀσχημοσύνην
820 443 1065 498 ἀπρέπειάν
1109 462 1154 488 τε
1201 451 1347 504 ἐντέκῃ
1386 443 1517 495 ἀηδῆ,
1554 444 1670 484 δοκεῖ

319 512 370 565 δή
407 529 482 568 μοι
515 512 674 566 χρῆναι
711 519 852 553 ποιεῖν
888 509 1049 554 οὑτωσὶ
1088 512 1141 554 τά
1181 513 1261 554 νῦν
1304 515 1396 565 ἐμὲ,
1438 509 1670 565 ἀνερωτᾶν

322 582 498 637 πρῶτον
533 576 726 632 ἐμαυτὸν
770 578 1029 620 ἀκουόντων
1075 577 1201 632 ὑμῶν
1247 584 1291 621 ἐν
1336 577 1549 634 «inquiet,
1597 579 1668 617 καὶ

321 645 430 700 μετὰ
473 648 615 687 ταῦτα
653 644 993 699 ἀποκρίνασθαι
1030 645 1166 687 πάλιν
1197 649 1279 699 ἐμὲ,
1315 648 1385 686 καὶ
1423 641 1502 685 τὸν
1537 641 1670 695 λόγον

321 712 506 756 ἅπαντα
543 709 660 754 οὕτω
700 711 964 762 διεξελθεῖν,
1013 717 1133 767 μέχρι
1185 728 1264 768 περ
1301 709 1358 753 ἂν
1394 711 1539 767 ψυχῆς
1574 713 1669 764 περι

323 778 647 835 διαπεράνηται
682 780 752 820 καὶ
793 779 904 838 δείξῃ
941 778 1162 834 πρότερον
1189 776 1242 821 ὃν
1266 776 1417 837 ψυχὴν
1453 774 1668 830 σώματος.

430 849 529 889 ΚΛ.
589 842 774 898 ”Αριστ”,
809 838 841 887 ὦ
878 846 980 897 ξένε,
1018 847 1158 895 δοκεῖς
1183 843 1288 899 ἡμῖν
1308 847 1536 900 εἰρηκέναι,
1557 845 1670 885 ποίει

325 931 366 957 τε
402 911 459 963 ὡς
494 915 641 966 λέγεις.

422 977 534 1038 Cap.
574 974 656 1019 VI.

324 1049 505 1098 κλητέον
541 1043 667 1098 ἡμῖν,
714 1045 794 1086 νῦν
830 1047 935 1086 ἔστω
974 1045 1108 1087 τοῦτο
1145 1042 1260 1087 οὕτω
1298 1043 1555 1099 γενόμενον·

729 978 828 1020 ΑΘ,
888 975 992 1031 '‘Aye
1028 978 1106 1030 δή,
1152 976 1268 1020 θεὸν
1313 977 1350 1019 εἳ
1385 992 1492 1019 ποτε
1527 991 1671 1031 παρα-

1604 1045 1674 1084 ἐπί

417 1200 455 1231 Ρ.
483 1198 562 1233 893.
591 1201 726 1253 ’,μέχρι
764 1210 838 1240 περ
869 1196 916 1231 ἂν
939 1199 1107 1255 ἒῆιχῆς]
1136 1198 1195 1231 Sic
1222 1200 1264 1229 A.
1296 1196 1333 1229 Ω.
1361 1209 1391 1230 v.
1420 1199 1442 1232 f
1468 1198 1501 1230 h.
1529 1207 1555 1229 r.
1582 1207 1612 1229 a.
1641 1207 1669 1228 c.

324 1247 350 1278 ὅ,
381 1257 411 1277 ο.
442 1246 558 1287 Vulgo
582 1243 669 1287 ἄχρι,
695 1247 790 1288 quod
817 1247 903 1278 Ven
933 1246 970 1278 Ξ.
998 1251 1128 1277 tuetur.

415 1292 455 1323 Β
503 1290 838 1332 ἑπειςβαιιωμεν
875 1291 935 1322 εἰς
966 1289 1035 1322 τὸν
1071 1291 1148 1322 rim
1180 1289 1225 1332 t‘..]
1254 1289 1312 1322 Sic
1340 1291 1383 1321 A.
1411 1287 1450 1321 Ω.
1478 1289 1500 1320 f.
1529 1289 1560 1319 h.
1587 1299 1613 1320 r.
1638 1298 1670 1320 a.

324 1352 351 1371 e.
379 1338 411 1370 tl.
440 1351 469 1369 ο.
496 1343 529 1370 et
565 1338 656 1370 liber
680 1337 851 1380 Stephani
887 1348 963 1369 cum
998 1342 1148 1378 quatum·
1180 1336 1281 1367 codd.
1315 1335 1471 1367 Eusebii.
1509 1345 1571 1376 pro
1605 1339 1671 1366 vet

325 1384 476 1417 ieetione
501 1383 740 1424 ἐπιβαίνωμεν.
767 1396 798 1416 v.
826 1384 1003 1425 explicatt.

325 1498 552 1529 subtilitatem
609 1498 723 1530 minus
781 1498 963 1529 exereitati

324 1545 515 1585 finguntur.
574 1542 678 1581 Quod
713 1554 856 1575 monere
890 1544 965 1584 pla-

325 1591 415 1630 euit,
454 1600 496 1622 ne
530 1589 672 1621 Platoni
715 1590 963 1622 inurbanitatis

324 1637 454 1667 crimen
497 1637 543 1668 sit
589 1636 824 1674 subeundum3
869 1636 963 1677 quod

326 1682 466 1724 quidem
491 1678 623 1713 crimen
645 1688 742 1714 tanto
770 1683 883 1713 minus
904 1682 964 1713 ad-

324 1729 431 1768 misit,
457 1729 552 1769 quod
572 1728 698 1759 deinde
723 1729 825 1760 etiam
854 1728 963 1759 Athe·

326 1775 481 1807 niensem
506 1775 590 1805 fecit
613 1775 663 1806 ita
688 1775 902 1814 loquentem,
927 1778 965 1804 ut

324 1821 433 1853 alium
458 1820 633 1861 quendam
659 1820 804 1852 inducat
832 1829 963 1851 sermo-

325 1867 514 1905 einantem,
539 1868 597 1908 qui
625 1866 691 1898 sibi
714 1876 830 1898 veram
855 1866 963 1898 ratio-

325 1922 402 1945 nem
429 1913 575 1954 aperiat.

371 1982 410 2014 P.
436 1981 516 2016 893.
566 1980 710 2022 δείξῃ
753 1978 964 2023 πρότερον

325 2025 390 2071 ὂν]
418 2028 462 2060 Η.
481 2038 510 2060 e.
533 2023 663 2064 enimv,-
688 2038 718 2058 v.
731 2028 823 2069 adp.
836 2026 962 2061 892A.

371 2075 487 2105 ποίει
526 2085 565 2106 τε
608 2070 663 2104 οἷς
697 2073 856 2115 λέγεις]
894 2073 963 2104 Eo-

324 2120 403 2152 dem
427 2122 530 2153 modo
557 2131 588 2162 p.
610 2119 689 2154 891.
710 2120 750 2150 Β.
789 2119 854 2151 Καὶ
879 2118 966 2158 μάλα

325 2177 380 2207 γε
413 2161 441 2197 ὦ
473 2165 632 2208 Μέγιλλε,
660 2165 821 2206 ποιητέον
853 2175 886 2195 τε
919 2173 966 2195 ως

325 2212 422 2254 λέγει.
467 2211 566 2244 Infra
590 2222 623 2253 p·
648 2210 728 2246 895
755 2213 797 2244 A.
845 2208 963 2242 Κάλλι-

325 2268 386 2290 σια
420 2254 527 2297 εἶπες,
566 2257 782 2299 ξυγχωρητέα
818 2268 850 2288 τε
886 2254 963 2288 toti-

326 2313 411 2343 τοις,
444 2305 502 2336 ubi
535 2309 665 2336 temere
691 2310 744 2336 est
775 2304 962 2336 turbat-um.

326 2351 364 2383 P.
391 2350 469 2385 905.
491 2350 537 2383 D.
567 2348 734 2382 Κάλλισια
758 2345 860 2388 εἶπες,
887 2359 960 2380 ποε-

323 2397 411 2437 ιῧμέν
437 2408 469 2429 ιε
495 2394 543 2429 ὥς
567 2396 684 2439 λέγεις.

369 2464 455 2507 Cap.
482 2465 545 2499 VI.
577 2462 670 2507 Ἄγε
699 2461 768 2506 δή,
795 2443 902 2496 θεὸν
928 2464 970 2494 εἴ

325 2522 347 2542 n
363 2522 381 2542 0
397 2512 459 2553 ze]
500 2512 596 2544 Haec
645 2521 785 2553 quoque
834 2511 962 2542 exscri-

324 2559 557 2598 psitEuseb.
578 2558 705 2599 Praep.
726 2557 861 2598 Evang.
876 2556 961 2589 xil.

323 2603 379 2638 51.
413 2614 448 2645 p.
475 2603 554 2637 623.
581 2602 620 2635 C.
653 2613 763 2645 usque
798 2604 842 2635 ad
869 2601 962 2643 στρέ-

326 2660 427 2689 φεται
454 2648 638 2691 περιφορά.
679 2649 749 2682 Ubi
775 2649 870 2692 quod
897 2648 962 2680 vi-

323 2706 456 2738 gerus
481 2693 589 2730 θεοὺς
615 2697 797 2737 legendnm
817 2696 965 2734 censuit,

324 2752 394 2774 non
429 2752 518 2784 opus
557 2747 610 2774 est
649 2742 714 2775 hac
756 2743 963 2780 mutatione,

323 2789 603 2830 qnandoquidem
621 2794 714 2821 recte
739 2794 818 2830 post
843 2789 960 2828 singn-

1031 1496 1139 1527 iarem
1164 1503 1347 1526 numerum
1377 1493 1503 1525 deinde
1523 1493 1672 1526 infertur

1033 1551 1197 1573 numerus
1224 1541 1319 1572 verbi
1353 1540 1518 1581 pluralis,
1548 1540 1606 1571 ubi
1631 1540 1674 1572 de

1032 1588 1194 1620 omnibus
1232 1587 1300 1618 diis
1339 1586 1563 1627 cogitandum
1607 1591 1672 1618 est.

1032 1634 1125 1666 Dein
1151 1633 1281 1664 Euseb.
1323 1631 1382 1663 ἐπί
1417 1642 1455 1673 γε
1496 1628 1673 1671 ἀπόδειξιν

1034 1678 1094 1721 τῆν
1118 1676 1233 1710 αὐτῶν
1258 1675 1303 1709 ὥς
1328 1677 1435 1714 ει’”σίν,·
1465 1687 1535 1709 non
1561 1679 1670 1710 male:

1033 1735 1241 1768 quamquam
1279 1728 1318 1755 ut
1351 1724 1511 1756 ordinem
1545 1724 1672 1756 verbo-

1033 1783 1109 1804 rum
1124 1772 1304 1812 vulgatum
1318 1771 1550 1811 immutemus,
1563 1770 1673 1803 haud-

1032 1828 1135 1860 quam
1167 1818 1403 1849 necessarium
1444 1821 1507 1850 est.
1578 1816 1673 1849 Male

1032 1874 1116 1896 vero
1138 1864 1223 1896 oiim
1249 1859 1363 1894 amah·
1376 1862 1606 1902 scribebatur,
1629 1863 1671 1894 Ιί-

1032 1915 1086 1942 eet
1111 1911 1146 1942 id
1180 1910 1410 1941 Hermann.
1445 1909 1579 1950 aliique
1610 1919 1672 1941 nu-

1031 1967 1093 1998 per
1123 1957 1388 1995 revocaverint3
1424 1964 1505 1986 nam
1544 1954 1592 1986 dii
1629 1954 1674 1987 ad

1031 2013 1128 2034 suam
1151 2003 1309 2043 ipsorum
1341 2001 1673 2033 demonstrationem

1033 2049 1229 2091 advocandi
1256 2057 1332 2079 esse.
1358 2047 1532 2080 dicuntur.
1572 2046 1673 2079 Cete-

1033 2105 1108 2126 rum
1144 2095 1237 2136 apud
1277 2094 1458 2126 Platonem
1495 2094 1530 2124 in
1564 2093 1672 2125 susei-

1031 2141 1163 2182 pienda
1184 2150 1298 2172 rerum
1331 2149 1537 2180 magnarum
1570 2145 1674 2181 atque

1033 2187 1227 2218 difficilium
1243 2186 1479 2226 disputatione
1495 2185 1579 2217 deos
1593 2186 1673 2217 sub-

1032 2233 1114 2265 inde
1137 2231 1318 2273 implorari
1344 2236 1378 2262 et
1402 2231 1447 2263 ad
1474 2231 1610 2263 Phileb.
1638 2242 1671 2274 p.

1032 2279 1087 2312 25.
1119 2278 1159 2312 B.
1195 2277 1285 2310 Tim.
1318 2287 1350 2318 p.
1385 2277 1439 2312 27.
1475 2276 1515 2310 C.
1553 2278 1598 2309 al.
1640 2283 1674 2310 et

1031 2335 1138 2366 supra
1162 2324 1207 2356 ad
1231 2334 1262 2365 p.
1277 2322 1357 2358 887.
1373 2322 1413 2355 C.
1441 2323 1670 2356 ostendimus.

1101 2413 1303 2457 ἐχόμενοι
1357 2412 1399 2446 δὲ
1448 2413 1502 2448 ὥς
1549 2423 1675 2447 τινος

1030 2459 1126 2503 ἀσφ.
1168 2460 1419 2503 πείσματος]
1468 2461 1671 2504 Disputatio

1030 2519 1101 2541 non
1127 2519 1208 2540 raro
1234 2519 1310 2541 cum
1331 2508 1560 2549 navigatione
1579 2517 1672 2540 eom-

1032 2560 1186 2597 paratur,
1213 2555 1314 2587 sicuti
1340 2554 1444 2586 etiam
1469 2555 1514 2587 ad
1531 2553 1670 2586 Phileb.

1031 2612 1063 2643 p.
1090 2601 1146 2635 50.
1174 2601 1216 2633 E.
1244 2601 1518 2633 observavimus.
1578 2600 1671 2632 Hine.

1031 2648 1210 2690 expendas
1237 2648 1423 2680 verborum
1448 2647 1671 2688 elegantiam,

1031 2704 1134 2736 quam
1159 2694 1367 2736 posterioris
1391 2702 1531 2735 quoque
1544 2694 1672 2725 aetatis

1031 2740 1222 2781 scriptores
1247 2739 1441 2772 aemulatos
1466 2749 1541 2772 esse
1566 2744 1671 2781 atque

1032 2787 1204 2818 imitando
1246 2786 1478 2828 expressisse,
1516 2785 1672 2818 ostendit
