<?xml version="1.0" encoding="UTF-8"?>
<!DOCTYPE html PUBLIC "-//W3C//DTD XHTML 1.0 Transitional//EN"
    "http://www.w3.org/TR/xhtml1/DTD/xhtml1-transitional.dtd">
<html xmlns="http://www.w3.org/1999/xhtml" xml:lang="en" lang="en">
 <head>
  <title>
</title>
<meta http-equiv="Content-Type" content="text/html;charset=utf-8" />
  <meta name='ocr-system' content='tesseract 3.04.00' />
  <meta name='ocr-capabilities' content='ocr_page ocr_carea ocr_par ocr_line ocrx_word'/>
</head>
<body>
  <div class='ocr_page' id='page_1' title='image "./n3operaomniarecens10platuoft/n3operaomniarecens10platuoft_0453.png"; bbox 0 0 1781 2971; ppageno 0'>
   <div class='ocr_carea' id='block_1_1' title="bbox 464 140 1472 188">
    <p class='ocr_par' dir='ltr' id='par_1_1' title="bbox 464 140 1472 188">
     <span class='ocr_line' id='line_1_1' title="bbox 464 140 1472 188; baseline 0.006 -6"><span class='ocrx_word' id='word_1_1' title='bbox 464 140 683 185; x_wconf 77' lang='lat' dir='ltr'>VULGO</span> <span class='ocrx_word' id='word_1_2' title='bbox 716 142 997 186; x_wconf 83' lang='lat' dir='ltr'><strong>PLATONI</strong></span> <span class='ocrx_word' id='word_1_3' title='bbox 1031 153 1111 186; x_wconf 84' lang='lat' dir='ltr'><strong>etc.</strong></span> <span class='ocrx_word' id='word_1_4' title='bbox 1387 149 1472 188; x_wconf 83' lang='lat'><strong>449</strong></span> 
     </span>
    </p>
   </div>
   <div class='ocr_carea' id='block_1_2' title="bbox 113 255 1528 2747">
    <p class='ocr_par' dir='ltr' id='par_1_2' title="bbox 113 255 1528 2747">
     <span class='ocr_line' id='line_1_2' title="bbox 116 255 1474 312; baseline 0.004 -16"><span class='ocrx_word' id='word_1_5' title='bbox 116 255 293 296; x_wconf 83' lang='lat' dir='ltr'><strong>arbitrio</strong></span> <span class='ocrx_word' id='word_1_6' title='bbox 326 270 489 308; x_wconf 85' lang='lat' dir='ltr'><strong>eorum,</strong></span> <span class='ocrx_word' id='word_1_7' title='bbox 536 255 607 309; x_wconf 87' lang='lat' dir='ltr'><strong>qui</strong></span> <span class='ocrx_word' id='word_1_8' title='bbox 650 256 774 311; x_wconf 87' lang='lat' dir='ltr'><strong>primi</strong></span> <span class='ocrx_word' id='word_1_9' title='bbox 817 257 970 298; x_wconf 87' lang='lat' dir='ltr'><strong>summi</strong></span> <span class='ocrx_word' id='word_1_10' title='bbox 1013 258 1292 312; x_wconf 81' lang='lat' dir='ltr'><strong>magistratus</strong></span> <span class='ocrx_word' id='word_1_11' title='bbox 1339 261 1474 301; x_wconf 81' lang='lat' dir='ltr'><strong>creati</strong></span> 
     </span>
     <span class='ocr_line' id='line_1_3' title="bbox 114 311 1475 369; baseline 0.004 -16"><span class='ocrx_word' id='word_1_12' title='bbox 114 312 290 365; x_wconf 86' lang='lat' dir='ltr'><strong>fuerint,</strong></span> <span class='ocrx_word' id='word_1_13' title='bbox 321 311 588 365; x_wconf 84' lang='lat' dir='ltr'><strong>relinquere3</strong></span> <span class='ocrx_word' id='word_1_14' title='bbox 622 313 695 366; x_wconf 90' lang='lat' dir='ltr'><strong>qui</strong></span> <span class='ocrx_word' id='word_1_15' title='bbox 737 311 811 354; x_wconf 91' lang='lat' dir='ltr'><strong>ubi</strong></span> <span class='ocrx_word' id='word_1_16' title='bbox 856 313 1040 369; x_wconf 88' lang='lat' dir='ltr'><strong>primum</strong></span> <span class='ocrx_word' id='word_1_17' title='bbox 1083 314 1324 369; x_wconf 82' lang='lat' dir='ltr'>pleniorem</span> <span class='ocrx_word' id='word_1_18' title='bbox 1370 315 1475 358; x_wconf 86' lang='lat' dir='ltr'><strong>hau·</strong></span> 
     </span>
     <span class='ocr_line' id='line_1_4' title="bbox 115 367 1528 426; baseline 0.002 -16"><span class='ocrx_word' id='word_1_19' title='bbox 115 369 253 410; x_wconf 87' lang='lat' dir='ltr'><strong>serint</strong></span> <span class='ocrx_word' id='word_1_20' title='bbox 294 367 618 424; x_wconf 87' lang='lat' dir='ltr'><strong>disciplinarum</strong></span> <span class='ocrx_word' id='word_1_21' title='bbox 657 370 849 410; x_wconf 90' lang='lat' dir='ltr'><strong>omnium</strong></span> <span class='ocrx_word' id='word_1_22' title='bbox 900 370 1119 423; x_wconf 75' lang='lat' dir='ltr'>notitiam,</span> <span class='ocrx_word' id='word_1_23' title='bbox 1172 371 1340 426; x_wconf 85' lang='lat' dir='ltr'><strong>optime</strong></span> <span class='ocrx_word' id='word_1_24' title='bbox 1386 374 1476 415; x_wconf 88' lang='lat' dir='ltr'><strong>sint</strong></span> <span class='ocrx_word' id='word_1_25' title='bbox 1526 380 1528 383; x_wconf 82' lang='grc'>’</span> 
     </span>
     <span class='ocr_line' id='line_1_5' title="bbox 114 424 1473 480; baseline 0.004 -15"><span class='ocrx_word' id='word_1_26' title='bbox 114 425 410 478; x_wconf 86' lang='lat' dir='ltr'><strong>diiudicaturi,</strong></span> <span class='ocrx_word' id='word_1_27' title='bbox 445 424 550 479; x_wconf 90' lang='lat' dir='ltr'><strong>quid</strong></span> <span class='ocrx_word' id='word_1_28' title='bbox 582 436 877 480; x_wconf 87' lang='lat' dir='ltr'><strong>quantumque</strong></span> <span class='ocrx_word' id='word_1_29' title='bbox 898 425 1136 468; x_wconf 88' lang='lat' dir='ltr'><strong>litterarum</strong></span> <span class='ocrx_word' id='word_1_30' title='bbox 1158 427 1212 468; x_wconf 91' lang='lat' dir='ltr'><strong>ad</strong></span> <span class='ocrx_word' id='word_1_31' title='bbox 1233 428 1473 472; x_wconf 86' lang='lat' dir='ltr'><strong>custodum</strong></span> 
     </span>
     <span class='ocr_line' id='line_1_6' title="bbox 114 482 1473 537; baseline 0.002 -14"><span class='ocrx_word' id='word_1_32' title='bbox 114 482 291 537; x_wconf 82' lang='lat' dir='ltr'><strong>ingenia</strong></span> <span class='ocrx_word' id='word_1_33' title='bbox 323 490 453 536; x_wconf 84' lang='lat' dir='ltr'><strong>atque</strong></span> <span class='ocrx_word' id='word_1_34' title='bbox 485 482 652 523; x_wconf 82' lang='lat' dir='ltr'><strong>animos</strong></span> <span class='ocrx_word' id='word_1_35' title='bbox 696 482 1031 524; x_wconf 82' lang='lat' dir='ltr'>conformandos</span> <span class='ocrx_word' id='word_1_36' title='bbox 1072 484 1363 526; x_wconf 89' lang='lat' dir='ltr'><strong>necessarium</strong></span> <span class='ocrx_word' id='word_1_37' title='bbox 1404 486 1473 528; x_wconf 92' lang='lat' dir='ltr'><strong>sit.</strong></span> 
     </span>
     <span class='ocr_line' id='line_1_7' title="bbox 113 538 1475 596; baseline 0.003 -16"><span class='ocrx_word' id='word_1_38' title='bbox 113 538 331 580; x_wconf 84' lang='lat' dir='ltr'><strong>Nimirum</strong></span> <span class='ocrx_word' id='word_1_39' title='bbox 362 538 501 579; x_wconf 88' lang='lat' dir='ltr'><strong>noluit</strong></span> <span class='ocrx_word' id='word_1_40' title='bbox 532 538 660 580; x_wconf 86' lang='lat' dir='ltr'><strong>Plato</strong></span> <span class='ocrx_word' id='word_1_41' title='bbox 693 538 746 581; x_wconf 87' lang='lat' dir='ltr'><strong>de</strong></span> <span class='ocrx_word' id='word_1_42' title='bbox 777 539 845 581; x_wconf 90' lang='grc'><strong>1115</strong></span> <span class='ocrx_word' id='word_1_43' title='bbox 877 539 1006 581; x_wconf 88' lang='lat' dir='ltr'><strong>rebus</strong></span> <span class='ocrx_word' id='word_1_44' title='bbox 1038 539 1168 595; x_wconf 83' lang='lat' dir='ltr'><strong>longe</strong></span> <span class='ocrx_word' id='word_1_45' title='bbox 1206 542 1475 596; x_wconf 82' lang='lat' dir='ltr'><strong>gravissimis</strong></span> 
     </span>
     <span class='ocr_line' id='line_1_8' title="bbox 114 595 1473 651; baseline 0.003 -15"><span class='ocrx_word' id='word_1_46' title='bbox 114 596 198 636; x_wconf 87' lang='lat' dir='ltr'><strong>iam</strong></span> <span class='ocrx_word' id='word_1_47' title='bbox 239 610 356 636; x_wconf 86' lang='lat' dir='ltr'><strong>nunc</strong></span> <span class='ocrx_word' id='word_1_48' title='bbox 387 596 494 637; x_wconf 89' lang='lat' dir='ltr'><strong>certi</strong></span> <span class='ocrx_word' id='word_1_49' title='bbox 535 595 772 650; x_wconf 85' lang='lat' dir='ltr'><strong>quidquam</strong></span> <span class='ocrx_word' id='word_1_50' title='bbox 818 596 1098 651; x_wconf 82' lang='lat' dir='ltr'><strong>praecipere,</strong></span> <span class='ocrx_word' id='word_1_51' title='bbox 1148 602 1298 651; x_wconf 82' lang='lat' dir='ltr'><strong>utpote</strong></span> <span class='ocrx_word' id='word_1_52' title='bbox 1338 606 1473 651; x_wconf 89' lang='lat' dir='ltr'><strong>ratus,</strong></span> 
     </span>
     <span class='ocr_line' id='line_1_9' title="bbox 115 651 1475 707; baseline 0.003 -14"><span class='ocrx_word' id='word_1_53' title='bbox 115 654 160 693; x_wconf 97' lang='grc'><strong>111</strong></span> <span class='ocrx_word' id='word_1_54' title='bbox 190 667 240 693; x_wconf 87' lang='lat' dir='ltr'><strong>ea</strong></span> <span class='ocrx_word' id='word_1_55' title='bbox 271 652 463 705; x_wconf 84' lang='lat' dir='ltr'><strong>civitate,</strong></span> <span class='ocrx_word' id='word_1_56' title='bbox 497 666 607 705; x_wconf 87' lang='lat' dir='ltr'><strong>quae</strong></span> <span class='ocrx_word' id='word_1_57' title='bbox 639 667 767 707; x_wconf 91' lang='lat' dir='ltr'><strong>quam</strong></span> <span class='ocrx_word' id='word_1_58' title='bbox 799 652 996 707; x_wconf 85' lang='lat' dir='ltr'><strong>proxime</strong></span> <span class='ocrx_word' id='word_1_59' title='bbox 1029 651 1085 694; x_wconf 88' lang='lat' dir='ltr'><strong>ad</strong></span> <span class='ocrx_word' id='word_1_60' title='bbox 1116 653 1231 695; x_wconf 88' lang='lat' dir='ltr'><strong>vitae</strong></span> <span class='ocrx_word' id='word_1_61' title='bbox 1262 653 1475 697; x_wconf 85' lang='lat' dir='ltr'><strong>humanae</strong></span> 
     </span>
     <span class='ocr_line' id='line_1_10' title="bbox 115 707 1474 766; baseline 0.002 -16"><span class='ocrx_word' id='word_1_62' title='bbox 115 709 342 750; x_wconf 85' lang='lat' dir='ltr'><strong>veritatem</strong></span> <span class='ocrx_word' id='word_1_63' title='bbox 381 707 637 761; x_wconf 73' lang='lat' dir='ltr'><strong>accederet,</strong></span> <span class='ocrx_word' id='word_1_64' title='bbox 690 709 818 750; x_wconf 87' lang='lat' dir='ltr'><strong>etiam</strong></span> <span class='ocrx_word' id='word_1_65' title='bbox 868 724 1011 749; x_wconf 88' lang='lat' dir='ltr'><strong>rerum</strong></span> <span class='ocrx_word' id='word_1_66' title='bbox 1054 710 1154 750; x_wconf 91' lang='lat' dir='ltr'><strong>usui</strong></span> <span class='ocrx_word' id='word_1_67' title='bbox 1199 717 1242 751; x_wconf 92' lang='lat' dir='ltr'><strong>et</strong></span> <span class='ocrx_word' id='word_1_68' title='bbox 1279 711 1474 766; x_wconf 89' lang='lat' dir='ltr'><strong>ipsorum</strong></span> 
     </span>
     <span class='ocr_line' id='line_1_11' title="bbox 115 764 1475 821; baseline 0.001 -14"><span class='ocrx_word' id='word_1_69' title='bbox 115 766 446 821; x_wconf 82' lang='lat' dir='ltr'><strong>magistratuum</strong></span> <span class='ocrx_word' id='word_1_70' title='bbox 481 764 740 820; x_wconf 83' lang='lat' dir='ltr'><strong>prudentiae</strong></span> <span class='ocrx_word' id='word_1_71' title='bbox 763 765 928 819; x_wconf 84' lang='lat' dir='ltr'><strong>aliquid</strong></span> <span class='ocrx_word' id='word_1_72' title='bbox 952 765 1230 808; x_wconf 87' lang='lat' dir='ltr'><strong>tribuendum</strong></span> <span class='ocrx_word' id='word_1_73' title='bbox 1262 782 1371 809; x_wconf 91' lang='lat' dir='ltr'><strong>esse.</strong></span> <span class='ocrx_word' id='word_1_74' title='bbox 1411 770 1475 809; x_wconf 89' lang='lat' dir='ltr'><strong>At</strong></span> 
     </span>
     <span class='ocr_line' id='line_1_12' title="bbox 115 821 1475 877; baseline 0.002 -14"><span class='ocrx_word' id='word_1_75' title='bbox 115 837 240 864; x_wconf 81' lang='lat' dir='ltr'><strong>secus</strong></span> <span class='ocrx_word' id='word_1_76' title='bbox 276 822 414 863; x_wconf 87' lang='lat' dir='ltr'><strong>visum</strong></span> <span class='ocrx_word' id='word_1_77' title='bbox 446 828 514 863; x_wconf 84' lang='lat' dir='ltr'><strong>est</strong></span> <span class='ocrx_word' id='word_1_78' title='bbox 543 822 713 863; x_wconf 88' lang='lat' dir='ltr'><strong>auctori</strong></span> <span class='ocrx_word' id='word_1_79' title='bbox 742 821 1032 877; x_wconf 88' lang='lat' dir='ltr'><strong>Epinomidis.</strong></span> <span class='ocrx_word' id='word_1_80' title='bbox 1092 821 1138 864; x_wconf 92' lang='lat' dir='ltr'><strong>Is</strong></span> <span class='ocrx_word' id='word_1_81' title='bbox 1163 823 1276 865; x_wconf 85' lang='lat' dir='ltr'><strong>enim</strong></span> <span class='ocrx_word' id='word_1_82' title='bbox 1298 824 1475 866; x_wconf 88' lang='lat' dir='ltr'><strong>Platoni</strong></span> 
     </span>
     <span class='ocr_line' id='line_1_13' title="bbox 114 877 1475 934; baseline 0.003 -15"><span class='ocrx_word' id='word_1_83' title='bbox 114 879 184 920; x_wconf 85' lang='lat' dir='ltr'><strong>vel</strong></span> <span class='ocrx_word' id='word_1_84' title='bbox 214 879 352 920; x_wconf 81' lang='lat' dir='ltr'><strong>invito</strong></span> <span class='ocrx_word' id='word_1_85' title='bbox 386 877 676 934; x_wconf 85' lang='lat' dir='ltr'><strong>impertienda</strong></span> <span class='ocrx_word' id='word_1_86' title='bbox 705 878 872 931; x_wconf 88' lang='lat' dir='ltr'><strong>statuit,</strong></span> <span class='ocrx_word' id='word_1_87' title='bbox 905 893 1016 932; x_wconf 87' lang='lat' dir='ltr'><strong>quae</strong></span> <span class='ocrx_word' id='word_1_88' title='bbox 1046 879 1099 921; x_wconf 87' lang='lat' dir='ltr'><strong>ab</strong></span> <span class='ocrx_word' id='word_1_89' title='bbox 1143 894 1193 920; x_wconf 91' lang='lat' dir='ltr'><strong>eo</strong></span> <span class='ocrx_word' id='word_1_90' title='bbox 1234 879 1475 923; x_wconf 85' lang='lat' dir='ltr'><strong>deliberata</strong></span> 
     </span>
     <span class='ocr_line' id='line_1_14' title="bbox 114 935 1472 993; baseline 0.003 -18"><span class='ocrx_word' id='word_1_91' title='bbox 114 936 341 977; x_wconf 80' lang='lat' dir='ltr'><strong>voluntate</strong></span> <span class='ocrx_word' id='word_1_92' title='bbox 385 942 488 976; x_wconf 90' lang='lat' dir='ltr'><strong>sunt</strong></span> <span class='ocrx_word' id='word_1_93' title='bbox 528 935 849 990; x_wconf 87' lang='lat' dir='ltr'><strong>praetermissa.</strong></span> <span class='ocrx_word' id='word_1_94' title='bbox 917 936 982 976; x_wconf 84' lang='lat' dir='ltr'><strong>Ex</strong></span> <span class='ocrx_word' id='word_1_95' title='bbox 1022 951 1109 990; x_wconf 91' lang='lat' dir='ltr'><strong>quo</strong></span> <span class='ocrx_word' id='word_1_96' title='bbox 1149 951 1299 978; x_wconf 90' lang='lat' dir='ltr'><strong>rursus</strong></span> <span class='ocrx_word' id='word_1_97' title='bbox 1338 944 1472 993; x_wconf 87' lang='lat' dir='ltr'><strong>patet,</strong></span> 
     </span>
     <span class='ocr_line' id='line_1_15' title="bbox 117 991 1472 1048; baseline 0.001 -14"><span class='ocrx_word' id='word_1_98' title='bbox 117 998 282 1047; x_wconf 88' lang='lat' dir='ltr'><strong>quanta</strong></span> <span class='ocrx_word' id='word_1_99' title='bbox 314 992 446 1033; x_wconf 87' lang='lat' dir='ltr'><strong>fuerit</strong></span> <span class='ocrx_word' id='word_1_100' title='bbox 477 991 663 1033; x_wconf 89' lang='lat' dir='ltr'><strong>hominis</strong></span> <span class='ocrx_word' id='word_1_101' title='bbox 695 992 739 1032; x_wconf 90' lang='lat' dir='ltr'><strong>in</strong></span> <span class='ocrx_word' id='word_1_102' title='bbox 772 992 955 1034; x_wconf 90' lang='lat' dir='ltr'><strong>consilio</strong></span> <span class='ocrx_word' id='word_1_103' title='bbox 987 992 1200 1048; x_wconf 87' lang='lat' dir='ltr'><strong>capiendo</strong></span> <span class='ocrx_word' id='word_1_104' title='bbox 1235 995 1472 1048; x_wconf 80' lang='lat' dir='ltr'><strong>temeritas,</strong></span> 
     </span>
     <span class='ocr_line' id='line_1_16' title="bbox 117 1048 1473 1106; baseline 0.001 -16"><span class='ocrx_word' id='word_1_105' title='bbox 117 1050 190 1104; x_wconf 90' lang='lat' dir='ltr'><strong>qui</strong></span> <span class='ocrx_word' id='word_1_106' title='bbox 220 1049 317 1090; x_wconf 86' lang='grc'><strong>1000</strong></span> <span class='ocrx_word' id='word_1_107' title='bbox 357 1064 509 1103; x_wconf 91' lang='lat' dir='ltr'><strong>parum</strong></span> <span class='ocrx_word' id='word_1_108' title='bbox 553 1048 775 1090; x_wconf 87' lang='lat' dir='ltr'><strong>intellecto</strong></span> <span class='ocrx_word' id='word_1_109' title='bbox 821 1057 895 1090; x_wconf 82' lang='lat' dir='ltr'><strong>aut</strong></span> <span class='ocrx_word' id='word_1_110' title='bbox 936 1049 1111 1091; x_wconf 80' lang='lat' dir='ltr'><strong>sinistre</strong></span> <span class='ocrx_word' id='word_1_111' title='bbox 1152 1057 1335 1105; x_wconf 84' lang='lat' dir='ltr'><strong>accepto</strong></span> <span class='ocrx_word' id='word_1_112' title='bbox 1377 1066 1473 1106; x_wconf 90' lang='lat' dir='ltr'><strong>per—</strong></span> 
     </span>
     <span class='ocr_line' id='line_1_17' title="bbox 116 1104 1474 1162; baseline 0.001 -16"><span class='ocrx_word' id='word_1_113' title='bbox 116 1114 258 1147; x_wconf 88' lang='lat' dir='ltr'><strong>motus</strong></span> <span class='ocrx_word' id='word_1_114' title='bbox 298 1106 487 1146; x_wconf 89' lang='lat' dir='ltr'><strong>animum</strong></span> <span class='ocrx_word' id='word_1_115' title='bbox 527 1104 582 1146; x_wconf 86' lang='lat' dir='ltr'><strong>ad</strong></span> <span class='ocrx_word' id='word_1_116' title='bbox 624 1105 793 1161; x_wconf 85' lang='lat' dir='ltr'><strong>Legum</strong></span> <span class='ocrx_word' id='word_1_117' title='bbox 833 1105 1118 1162; x_wconf 81' lang='lat' dir='ltr'><strong>appendicem</strong></span> <span class='ocrx_word' id='word_1_118' title='bbox 1160 1107 1474 1149; x_wconf 88' lang='lat' dir='ltr'><strong>conficiendam</strong></span> 
     </span>
     <span class='ocr_line' id='line_1_18' title="bbox 116 1161 1473 1219; baseline 0 -15"><span class='ocrx_word' id='word_1_119' title='bbox 116 1162 347 1219; x_wconf 84' lang='lat' dir='ltr'><strong>appulerit.</strong></span> <span class='ocrx_word' id='word_1_120' title='bbox 410 1161 498 1205; x_wconf 80' lang='lat' dir='ltr'><strong>Sed</strong></span> <span class='ocrx_word' id='word_1_121' title='bbox 531 1176 661 1215; x_wconf 87' lang='lat' dir='ltr'><strong>quum</strong></span> <span class='ocrx_word' id='word_1_122' title='bbox 697 1162 768 1203; x_wconf 91' lang='lat' dir='ltr'><strong>ille</strong></span> <span class='ocrx_word' id='word_1_123' title='bbox 799 1163 920 1205; x_wconf 88' lang='lat' dir='ltr'><strong>locos</strong></span> <span class='ocrx_word' id='word_1_124' title='bbox 961 1163 1067 1205; x_wconf 88' lang='lat' dir='ltr'><strong>istos</strong></span> <span class='ocrx_word' id='word_1_125' title='bbox 1104 1163 1272 1219; x_wconf 77' lang='lat' dir='ltr'><strong>Legum</strong></span> <span class='ocrx_word' id='word_1_126' title='bbox 1313 1170 1473 1206; x_wconf 87' lang='lat' dir='ltr'><strong>temere</strong></span> 
     </span>
     <span class='ocr_line' id='line_1_19' title="bbox 116 1218 1474 1272; baseline 0 -11"><span class='ocrx_word' id='word_1_127' title='bbox 116 1219 169 1261; x_wconf 90' lang='lat' dir='ltr'><strong>ad</strong></span> <span class='ocrx_word' id='word_1_128' title='bbox 204 1218 374 1260; x_wconf 81' lang='lat' dir='ltr'><strong>consilii</strong></span> <span class='ocrx_word' id='word_1_129' title='bbox 407 1219 474 1260; x_wconf 91' lang='lat' dir='ltr'><strong>sui</strong></span> <span class='ocrx_word' id='word_1_130' title='bbox 505 1218 696 1260; x_wconf 83' lang='lat' dir='ltr'><strong>rationes</strong></span> <span class='ocrx_word' id='word_1_131' title='bbox 728 1218 985 1272; x_wconf 74' lang='lat' dir='ltr'><strong>traduxerit,</strong></span> <span class='ocrx_word' id='word_1_132' title='bbox 1019 1226 1110 1261; x_wconf 83' lang='lat' dir='ltr'><strong>tum</strong></span> <span class='ocrx_word' id='word_1_133' title='bbox 1145 1220 1272 1262; x_wconf 88' lang='lat' dir='ltr'><strong>etiam</strong></span> <span class='ocrx_word' id='word_1_134' title='bbox 1305 1221 1390 1262; x_wconf 86' lang='lat' dir='ltr'><strong>alia</strong></span> <span class='ocrx_word' id='word_1_135' title='bbox 1421 1237 1474 1263; x_wconf 83' lang='lat' dir='ltr'><strong>ex</strong></span> 
     </span>
     <span class='ocr_line' id='line_1_20' title="bbox 117 1276 1473 1333; baseline 0.002 -17"><span class='ocrx_word' id='word_1_136' title='bbox 117 1283 238 1331; x_wconf 88' lang='lat' dir='ltr'><strong>parte</strong></span> <span class='ocrx_word' id='word_1_137' title='bbox 270 1276 350 1317; x_wconf 80' lang='lat' dir='ltr'><strong>hac</strong></span> <span class='ocrx_word' id='word_1_138' title='bbox 392 1278 434 1317; x_wconf 89' lang='grc'><strong>111</strong></span> <span class='ocrx_word' id='word_1_139' title='bbox 480 1290 635 1317; x_wconf 81' lang='lat' dir='ltr'><strong>caussa</strong></span> <span class='ocrx_word' id='word_1_140' title='bbox 673 1276 820 1331; x_wconf 85' lang='lat' dir='ltr'><strong>lapsus</strong></span> <span class='ocrx_word' id='word_1_141' title='bbox 864 1283 932 1318; x_wconf 91' lang='lat' dir='ltr'><strong>est</strong></span> <span class='ocrx_word' id='word_1_142' title='bbox 971 1276 1233 1331; x_wconf 78' lang='lat' dir='ltr'><strong>turpissime.</strong></span> <span class='ocrx_word' id='word_1_143' title='bbox 1296 1276 1473 1333; x_wconf 79' lang='lat' dir='ltr'><strong>Quippe</strong></span> 
     </span>
     <span class='ocr_line' id='line_1_21' title="bbox 117 1332 1474 1389; baseline 0.001 -15"><span class='ocrx_word' id='word_1_144' title='bbox 117 1332 289 1375; x_wconf 85' lang='lat' dir='ltr'><strong>accedit</strong></span> <span class='ocrx_word' id='word_1_145' title='bbox 327 1332 515 1386; x_wconf 87' lang='lat' dir='ltr'><strong>denique</strong></span> <span class='ocrx_word' id='word_1_146' title='bbox 560 1332 688 1373; x_wconf 81' lang='lat' dir='ltr'><strong>etiam</strong></span> <span class='ocrx_word' id='word_1_147' title='bbox 729 1332 835 1386; x_wconf 84' lang='lat' dir='ltr'><strong>hoc,</strong></span> <span class='ocrx_word' id='word_1_148' title='bbox 879 1333 996 1386; x_wconf 84' lang='lat' dir='ltr'><strong>quod</strong></span> <span class='ocrx_word' id='word_1_149' title='bbox 1038 1347 1117 1374; x_wconf 82' lang='lat' dir='ltr'><strong>nec</strong></span> <span class='ocrx_word' id='word_1_150' title='bbox 1155 1348 1224 1375; x_wconf 88' lang='lat' dir='ltr'><strong>res</strong></span> <span class='ocrx_word' id='word_1_151' title='bbox 1267 1334 1387 1389; x_wconf 82' lang='lat' dir='ltr'><strong>ipsae</strong></span> <span class='ocrx_word' id='word_1_152' title='bbox 1428 1335 1474 1375; x_wconf 89' lang='lat' dir='ltr'><strong>in</strong></span> 
     </span>
     <span class='ocr_line' id='line_1_22' title="bbox 119 1389 1474 1446; baseline 0.001 -16"><span class='ocrx_word' id='word_1_153' title='bbox 119 1389 313 1446; x_wconf 73' lang='lat' dir='ltr'><strong>Legibus</strong></span> <span class='ocrx_word' id='word_1_154' title='bbox 347 1396 558 1431; x_wconf 75' lang='lat' dir='ltr'><strong>tractatae</strong></span> <span class='ocrx_word' id='word_1_155' title='bbox 590 1389 723 1429; x_wconf 90' lang='lat' dir='ltr'><strong>ullum</strong></span> <span class='ocrx_word' id='word_1_156' title='bbox 756 1390 984 1444; x_wconf 83' lang='lat' dir='ltr'><strong>requirunt</strong></span> <span class='ocrx_word' id='word_1_157' title='bbox 1018 1389 1160 1444; x_wconf 88' lang='lat' dir='ltr'><strong>operis</strong></span> <span class='ocrx_word' id='word_1_158' title='bbox 1182 1390 1474 1445; x_wconf 88' lang='lat' dir='ltr'><strong>complemen-</strong></span> 
     </span>
     <span class='ocr_line' id='line_1_23' title="bbox 115 1445 1473 1502; baseline 0.001 -14"><span class='ocrx_word' id='word_1_159' title='bbox 115 1455 223 1498; x_wconf 88' lang='lat' dir='ltr'><strong>tum,</strong></span> <span class='ocrx_word' id='word_1_160' title='bbox 257 1447 446 1487; x_wconf 91' lang='lat' dir='ltr'><strong>omnium</strong></span> <span class='ocrx_word' id='word_1_161' title='bbox 476 1454 618 1486; x_wconf 86' lang='lat' dir='ltr'><strong>autem</strong></span> <span class='ocrx_word' id='word_1_162' title='bbox 650 1445 823 1488; x_wconf 90' lang='lat' dir='ltr'><strong>minime</strong></span> <span class='ocrx_word' id='word_1_163' title='bbox 856 1446 957 1498; x_wconf 79' lang='lat' dir='ltr'><strong>tale,</strong></span> <span class='ocrx_word' id='word_1_164' title='bbox 998 1445 1126 1500; x_wconf 85' lang='lat' dir='ltr'><strong>quale</strong></span> <span class='ocrx_word' id='word_1_165' title='bbox 1159 1446 1334 1488; x_wconf 83' lang='lat' dir='ltr'><strong>exhibet</strong></span> <span class='ocrx_word' id='word_1_166' title='bbox 1365 1447 1473 1502; x_wconf 86' lang='lat' dir='ltr'><strong>Epi-</strong></span> 
     </span>
     <span class='ocr_line' id='line_1_24' title="bbox 117 1501 1475 1556; baseline 0.001 -12"><span class='ocrx_word' id='word_1_167' title='bbox 117 1503 255 1544; x_wconf 91' lang='lat' dir='ltr'><strong>nomis</strong></span> <span class='ocrx_word' id='word_1_168' title='bbox 296 1503 398 1552; x_wconf 82' lang='lat' dir='ltr'><strong>ista3</strong></span> <span class='ocrx_word' id='word_1_169' title='bbox 454 1502 507 1543; x_wconf 89' lang='lat' dir='ltr'><strong>de</strong></span> <span class='ocrx_word' id='word_1_170' title='bbox 548 1516 633 1556; x_wconf 86' lang='lat' dir='ltr'><strong>qua</strong></span> <span class='ocrx_word' id='word_1_171' title='bbox 673 1517 716 1543; x_wconf 83' lang='lat' dir='ltr'><strong>re</strong></span> <span class='ocrx_word' id='word_1_172' title='bbox 754 1502 951 1543; x_wconf 89' lang='lat' dir='ltr'><strong>nonnihil</strong></span> <span class='ocrx_word' id='word_1_173' title='bbox 994 1518 1090 1544; x_wconf 90' lang='lat' dir='ltr'><strong>cum</strong></span> <span class='ocrx_word' id='word_1_174' title='bbox 1133 1501 1183 1544; x_wconf 89' lang='lat' dir='ltr'><strong>C.</strong></span> <span class='ocrx_word' id='word_1_175' title='bbox 1227 1502 1299 1544; x_wconf 88' lang='lat' dir='ltr'><strong>Fr.</strong></span> <span class='ocrx_word' id='word_1_176' title='bbox 1343 1503 1475 1545; x_wconf 88' lang='lat' dir='ltr'><strong>Her-</strong></span> 
     </span>
     <span class='ocr_line' id='line_1_25' title="bbox 116 1559 1474 1612; baseline 0.001 -11"><span class='ocrx_word' id='word_1_177' title='bbox 116 1575 312 1601; x_wconf 82' lang='lat' dir='ltr'><strong>manno</strong></span> <span class='ocrx_word' id='word_1_178' title='bbox 365 1559 667 1610; x_wconf 75' lang='lat' dir='ltr'><strong>dissentimus,</strong></span> <span class='ocrx_word' id='word_1_179' title='bbox 718 1560 791 1612; x_wconf 87' lang='lat' dir='ltr'><strong>qui</strong></span> <span class='ocrx_word' id='word_1_180' title='bbox 841 1559 884 1600; x_wconf 89' lang='lat' dir='ltr'><strong>in</strong></span> <span class='ocrx_word' id='word_1_181' title='bbox 936 1559 1101 1601; x_wconf 86' lang='lat' dir='ltr'><strong>Histor.</strong></span> <span class='ocrx_word' id='word_1_182' title='bbox 1156 1559 1265 1600; x_wconf 87' lang='lat' dir='ltr'><strong>Phil.</strong></span> <span class='ocrx_word' id='word_1_183' title='bbox 1306 1559 1474 1603; x_wconf 87' lang='lat' dir='ltr'><strong>Platon.</strong></span> 
     </span>
     <span class='ocr_line' id='line_1_26' title="bbox 116 1615 1474 1672; baseline -0.001 -14"><span class='ocrx_word' id='word_1_184' title='bbox 116 1616 218 1658; x_wconf 84' lang='lat' dir='ltr'><strong>Vol.</strong></span> <span class='ocrx_word' id='word_1_185' title='bbox 250 1616 286 1658; x_wconf 85' lang='lat' dir='ltr'><strong>I.</strong></span> <span class='ocrx_word' id='word_1_186' title='bbox 317 1632 358 1672; x_wconf 87' lang='lat' dir='ltr'><strong>p.</strong></span> <span class='ocrx_word' id='word_1_187' title='bbox 392 1618 487 1658; x_wconf 77' lang='lat'><strong>389.</strong></span> <span class='ocrx_word' id='word_1_188' title='bbox 519 1615 562 1656; x_wconf 91' lang='lat' dir='ltr'><strong>in</strong></span> <span class='ocrx_word' id='word_1_189' title='bbox 596 1615 854 1670; x_wconf 85' lang='lat' dir='ltr'><strong>Epinomide</strong></span> <span class='ocrx_word' id='word_1_190' title='bbox 886 1624 1033 1657; x_wconf 83' lang='lat' dir='ltr'><strong>censet</strong></span> <span class='ocrx_word' id='word_1_191' title='bbox 1056 1616 1188 1656; x_wconf 86' lang='lat' dir='ltr'><strong>menti</strong></span> <span class='ocrx_word' id='word_1_192' title='bbox 1219 1631 1269 1657; x_wconf 86' lang='lat' dir='ltr'><strong>ac</strong></span> <span class='ocrx_word' id='word_1_193' title='bbox 1299 1623 1474 1657; x_wconf 88' lang='lat' dir='ltr'><strong>senten·</strong></span> 
     </span>
     <span class='ocr_line' id='line_1_27' title="bbox 116 1671 1473 1726; baseline 0 -12"><span class='ocrx_word' id='word_1_194' title='bbox 116 1673 201 1714; x_wconf 86' lang='lat' dir='ltr'><strong>tiae</strong></span> <span class='ocrx_word' id='word_1_195' title='bbox 236 1673 432 1714; x_wconf 86' lang='lat' dir='ltr'><strong>Platonis</strong></span> <span class='ocrx_word' id='word_1_196' title='bbox 463 1672 772 1714; x_wconf 75' lang='lat' dir='ltr'><strong>convenienter</strong></span> <span class='ocrx_word' id='word_1_197' title='bbox 809 1673 1054 1714; x_wconf 85' lang='lat' dir='ltr'><strong>accuratius</strong></span> <span class='ocrx_word' id='word_1_198' title='bbox 1096 1671 1289 1725; x_wconf 89' lang='lat' dir='ltr'><strong>definiri,</strong></span> <span class='ocrx_word' id='word_1_199' title='bbox 1335 1674 1473 1726; x_wconf 87' lang='lat' dir='ltr'><strong>qualis</strong></span> 
     </span>
     <span class='ocr_line' id='line_1_28' title="bbox 118 1728 1473 1785; baseline -0.001 -13"><span class='ocrx_word' id='word_1_200' title='bbox 118 1745 213 1772; x_wconf 86' lang='lat' dir='ltr'><strong>esse</strong></span> <span class='ocrx_word' id='word_1_201' title='bbox 246 1729 405 1771; x_wconf 81' lang='lat' dir='ltr'><strong>debeat</strong></span> <span class='ocrx_word' id='word_1_202' title='bbox 438 1744 488 1770; x_wconf 89' lang='lat' dir='ltr'><strong>ea</strong></span> <span class='ocrx_word' id='word_1_203' title='bbox 519 1729 715 1781; x_wconf 85' lang='lat' dir='ltr'><strong>scientia,</strong></span> <span class='ocrx_word' id='word_1_204' title='bbox 750 1745 801 1771; x_wconf 85' lang='lat' dir='ltr'><strong>ex</strong></span> <span class='ocrx_word' id='word_1_205' title='bbox 843 1744 928 1784; x_wconf 89' lang='lat' dir='ltr'><strong>qua</strong></span> <span class='ocrx_word' id='word_1_206' title='bbox 973 1735 1099 1770; x_wconf 85' lang='lat' dir='ltr'><strong>antea</strong></span> <span class='ocrx_word' id='word_1_207' title='bbox 1132 1728 1251 1770; x_wconf 83' lang='lat' dir='ltr'><strong>Libr.</strong></span> <span class='ocrx_word' id='word_1_208' title='bbox 1283 1729 1396 1770; x_wconf 79' lang='grc' dir='ltr'><strong>ΧΠ.</strong></span> <span class='ocrx_word' id='word_1_209' title='bbox 1431 1746 1473 1785; x_wconf 91' lang='lat' dir='ltr'><strong>p.</strong></span> 
     </span>
     <span class='ocr_line' id='line_1_29' title="bbox 116 1785 1476 1842; baseline 0 -14"><span class='ocrx_word' id='word_1_210' title='bbox 116 1790 213 1830; x_wconf 73' lang='lat'><strong>961.</strong></span> <span class='ocrx_word' id='word_1_211' title='bbox 237 1802 332 1841; x_wconf 89' lang='lat' dir='ltr'><strong>sqq.</strong></span> <span class='ocrx_word' id='word_1_212' title='bbox 357 1786 586 1828; x_wconf 86' lang='lat' dir='ltr'><strong>universae</strong></span> <span class='ocrx_word' id='word_1_213' title='bbox 616 1785 805 1828; x_wconf 82' lang='lat' dir='ltr'><strong>civitatis</strong></span> <span class='ocrx_word' id='word_1_214' title='bbox 826 1792 1081 1842; x_wconf 86' lang='lat' dir='ltr'><strong>perpetuam</strong></span> <span class='ocrx_word' id='word_1_215' title='bbox 1101 1786 1476 1828; x_wconf 84' lang='lat' dir='ltr'><strong>conservationem</strong></span> 
     </span>
     <span class='ocr_line' id='line_1_30' title="bbox 118 1841 1474 1898; baseline 0 -13"><span class='ocrx_word' id='word_1_216' title='bbox 118 1842 308 1898; x_wconf 89' lang='lat' dir='ltr'><strong>pendere</strong></span> <span class='ocrx_word' id='word_1_217' title='bbox 349 1842 586 1884; x_wconf 86' lang='lat' dir='ltr'><strong>iudicatum</strong></span> <span class='ocrx_word' id='word_1_218' title='bbox 629 1842 696 1884; x_wconf 86' lang='lat' dir='ltr'><strong>sit.</strong></span> <span class='ocrx_word' id='word_1_219' title='bbox 768 1843 1003 1884; x_wconf 83' lang='lat' dir='ltr'><strong>Enimvero</strong></span> <span class='ocrx_word' id='word_1_220' title='bbox 1043 1843 1145 1884; x_wconf 88' lang='lat' dir='ltr'><strong>licet</strong></span> <span class='ocrx_word' id='word_1_221' title='bbox 1186 1841 1474 1898; x_wconf 87' lang='lat' dir='ltr'><strong>philosophus</strong></span> 
     </span>
     <span class='ocr_line' id='line_1_31' title="bbox 117 1898 1474 1953; baseline -0.001 -12"><span class='ocrx_word' id='word_1_222' title='bbox 117 1901 162 1941; x_wconf 91' lang='lat' dir='ltr'><strong>in</strong></span> <span class='ocrx_word' id='word_1_223' title='bbox 193 1901 359 1941; x_wconf 85' lang='lat' dir='ltr'><strong>incerto</strong></span> <span class='ocrx_word' id='word_1_224' title='bbox 390 1899 630 1953; x_wconf 86' lang='lat' dir='ltr'><strong>reliquerit,</strong></span> <span class='ocrx_word' id='word_1_225' title='bbox 661 1914 746 1953; x_wconf 86' lang='lat' dir='ltr'><strong>qua</strong></span> <span class='ocrx_word' id='word_1_226' title='bbox 777 1900 942 1940; x_wconf 87' lang='lat' dir='ltr'><strong>ratione</strong></span> <span class='ocrx_word' id='word_1_227' title='bbox 972 1906 1016 1940; x_wconf 91' lang='lat' dir='ltr'><strong>et</strong></span> <span class='ocrx_word' id='word_1_228' title='bbox 1038 1898 1245 1952; x_wconf 84' lang='lat' dir='ltr'><strong>quamdiu</strong></span> <span class='ocrx_word' id='word_1_229' title='bbox 1270 1899 1474 1941; x_wconf 85' lang='lat' dir='ltr'><strong>custodes</strong></span> 
     </span>
     <span class='ocr_line' id='line_1_32' title="bbox 116 1954 1477 2012; baseline -0.001 -14"><span class='ocrx_word' id='word_1_230' title='bbox 116 1957 161 1998; x_wconf 91' lang='lat' dir='ltr'><strong>in</strong></span> <span class='ocrx_word' id='word_1_231' title='bbox 193 1957 429 2012; x_wconf 84' lang='lat' dir='ltr'><strong>sapientiae</strong></span> <span class='ocrx_word' id='word_1_232' title='bbox 461 1954 616 1997; x_wconf 88' lang='lat' dir='ltr'><strong>studiis</strong></span> <span class='ocrx_word' id='word_1_233' title='bbox 649 1956 811 1996; x_wconf 83' lang='lat' dir='ltr'><strong>versari</strong></span> <span class='ocrx_word' id='word_1_234' title='bbox 845 1955 1048 2007; x_wconf 87' lang='lat' dir='ltr'><strong>debeant,</strong></span> <span class='ocrx_word' id='word_1_235' title='bbox 1079 1961 1313 2010; x_wconf 86' lang='lat' dir='ltr'><strong>propterea</strong></span> <span class='ocrx_word' id='word_1_236' title='bbox 1357 1956 1477 2010; x_wconf 90' lang='lat' dir='ltr'><strong>quod</strong></span> 
     </span>
     <span class='ocr_line' id='line_1_33' title="bbox 119 2010 1475 2069; baseline -0.001 -15"><span class='ocrx_word' id='word_1_237' title='bbox 119 2013 326 2069; x_wconf 88' lang='lat' dir='ltr'><strong>temporis</strong></span> <span class='ocrx_word' id='word_1_238' title='bbox 358 2012 698 2068; x_wconf 81' lang='lat' dir='ltr'><strong>experimentum</strong></span> <span class='ocrx_word' id='word_1_239' title='bbox 730 2011 810 2053; x_wconf 82' lang='lat' dir='ltr'><strong>hac</strong></span> <span class='ocrx_word' id='word_1_240' title='bbox 842 2012 886 2053; x_wconf 90' lang='lat' dir='ltr'><strong>in</strong></span> <span class='ocrx_word' id='word_1_241' title='bbox 917 2026 962 2052; x_wconf 85' lang='lat' dir='ltr'><strong>re</strong></span> <span class='ocrx_word' id='word_1_242' title='bbox 984 2010 1241 2066; x_wconf 83' lang='lat' dir='ltr'><strong>capiendum</strong></span> <span class='ocrx_word' id='word_1_243' title='bbox 1263 2026 1362 2063; x_wconf 70' lang='lat' dir='ltr'><strong>esse</strong></span> <span class='ocrx_word' id='word_1_244' title='bbox 1393 2012 1475 2054; x_wconf 91' lang='lat' dir='ltr'><strong>sibi</strong></span> 
     </span>
     <span class='ocr_line' id='line_1_34' title="bbox 119 2067 1475 2125; baseline -0.001 -14"><span class='ocrx_word' id='word_1_245' title='bbox 119 2077 414 2125; x_wconf 85' lang='lat' dir='ltr'><strong>persuaserat3</strong></span> <span class='ocrx_word' id='word_1_246' title='bbox 447 2075 590 2110; x_wconf 83' lang='lat' dir='ltr'><strong>tamen</strong></span> <span class='ocrx_word' id='word_1_247' title='bbox 623 2068 771 2122; x_wconf 83' lang='lat' dir='ltr'><strong>quales</strong></span> <span class='ocrx_word' id='word_1_248' title='bbox 803 2068 863 2108; x_wconf 91' lang='lat' dir='ltr'><strong>illi</strong></span> <span class='ocrx_word' id='word_1_249' title='bbox 894 2068 1176 2124; x_wconf 83' lang='lat' dir='ltr'><strong>magistratus</strong></span> <span class='ocrx_word' id='word_1_250' title='bbox 1206 2082 1300 2109; x_wconf 88' lang='lat' dir='ltr'><strong>esse</strong></span> <span class='ocrx_word' id='word_1_251' title='bbox 1343 2067 1475 2109; x_wconf 88' lang='lat' dir='ltr'><strong>debe-</strong></span> 
     </span>
     <span class='ocr_line' id='line_1_35' title="bbox 119 2124 1475 2181; baseline -0.001 -13"><span class='ocrx_word' id='word_1_252' title='bbox 119 2133 207 2179; x_wconf 88' lang='lat' dir='ltr'><strong>ant,</strong></span> <span class='ocrx_word' id='word_1_253' title='bbox 242 2133 284 2168; x_wconf 89' lang='lat' dir='ltr'><strong>et</strong></span> <span class='ocrx_word' id='word_1_254' title='bbox 315 2141 400 2180; x_wconf 87' lang='lat' dir='ltr'><strong>qua</strong></span> <span class='ocrx_word' id='word_1_255' title='bbox 421 2126 582 2167; x_wconf 85' lang='lat' dir='ltr'><strong>virtute</strong></span> <span class='ocrx_word' id='word_1_256' title='bbox 605 2131 735 2179; x_wconf 87' lang='lat' dir='ltr'><strong>atque</strong></span> <span class='ocrx_word' id='word_1_257' title='bbox 756 2125 974 2179; x_wconf 77' lang='lat' dir='ltr'><strong>sapientia</strong></span> <span class='ocrx_word' id='word_1_258' title='bbox 992 2124 1202 2181; x_wconf 83' lang='lat' dir='ltr'><strong>insignes,</strong></span> <span class='ocrx_word' id='word_1_259' title='bbox 1235 2139 1475 2178; x_wconf 85' lang='lat' dir='ltr'><strong>sanequam</strong></span> 
     </span>
     <span class='ocr_line' id='line_1_36' title="bbox 119 2180 1473 2239; baseline -0.003 -14"><span class='ocrx_word' id='word_1_260' title='bbox 119 2183 298 2239; x_wconf 89' lang='lat' dir='ltr'><strong>copiose</strong></span> <span class='ocrx_word' id='word_1_261' title='bbox 338 2182 582 2237; x_wconf 87' lang='lat' dir='ltr'><strong>expositum</strong></span> <span class='ocrx_word' id='word_1_262' title='bbox 624 2188 691 2223; x_wconf 84' lang='lat' dir='ltr'><strong>est</strong></span> <span class='ocrx_word' id='word_1_263' title='bbox 732 2198 770 2237; x_wconf 89' lang='lat' dir='ltr'><strong>p.</strong></span> <span class='ocrx_word' id='word_1_264' title='bbox 805 2183 902 2222; x_wconf 77' lang='lat'><strong>961.</strong></span> <span class='ocrx_word' id='word_1_265' title='bbox 937 2180 986 2222; x_wconf 84' lang='lat' dir='ltr'><strong>C.</strong></span> <span class='ocrx_word' id='word_1_266' title='bbox 1027 2195 1165 2234; x_wconf 88' lang='lat' dir='ltr'><strong>usque</strong></span> <span class='ocrx_word' id='word_1_267' title='bbox 1206 2180 1261 2221; x_wconf 87' lang='lat' dir='ltr'><strong>ad</strong></span> <span class='ocrx_word' id='word_1_268' title='bbox 1291 2183 1386 2224; x_wconf 74' lang='lat'><strong>968.</strong></span> <span class='ocrx_word' id='word_1_269' title='bbox 1421 2181 1473 2222; x_wconf 90' lang='grc' dir='ltr'><strong>Β.</strong></span> 
     </span>
     <span class='ocr_line' id='line_1_37' title="bbox 119 2237 1476 2295; baseline -0.002 -14"><span class='ocrx_word' id='word_1_270' title='bbox 119 2239 172 2281; x_wconf 89' lang='grc'><strong>(10</strong></span> <span class='ocrx_word' id='word_1_271' title='bbox 195 2241 318 2281; x_wconf 84' lang='grc'><strong>0111115</strong></span> <span class='ocrx_word' id='word_1_272' title='bbox 338 2239 422 2281; x_wconf 92' lang='lat' dir='ltr'><strong>loci</strong></span> <span class='ocrx_word' id='word_1_273' title='bbox 445 2245 701 2295; x_wconf 83' lang='lat' dir='ltr'><strong>argumento</strong></span> <span class='ocrx_word' id='word_1_274' title='bbox 721 2238 907 2293; x_wconf 76' lang='lat' dir='ltr'><strong>posthac</strong></span> <span class='ocrx_word' id='word_1_275' title='bbox 929 2237 1254 2290; x_wconf 72' lang='lat' dir='ltr'><strong>explicabimus.</strong></span> <span class='ocrx_word' id='word_1_276' title='bbox 1323 2237 1476 2292; x_wconf 80' lang='lat' dir='ltr'><strong>ltaque</strong></span> 
     </span>
     <span class='ocr_line' id='line_1_38' title="bbox 119 2293 1476 2351; baseline -0.002 -14"><span class='ocrx_word' id='word_1_277' title='bbox 119 2302 274 2350; x_wconf 87' lang='lat' dir='ltr'><strong>sponte</strong></span> <span class='ocrx_word' id='word_1_278' title='bbox 305 2302 501 2351; x_wconf 89' lang='lat' dir='ltr'><strong>apparet,</strong></span> <span class='ocrx_word' id='word_1_279' title='bbox 530 2295 659 2336; x_wconf 87' lang='lat' dir='ltr'><strong>finem</strong></span> <span class='ocrx_word' id='word_1_280' title='bbox 691 2294 863 2349; x_wconf 89' lang='lat' dir='ltr'><strong>quidem</strong></span> <span class='ocrx_word' id='word_1_281' title='bbox 885 2293 1144 2347; x_wconf 86' lang='lat' dir='ltr'><strong>studiorum,</strong></span> <span class='ocrx_word' id='word_1_282' title='bbox 1178 2293 1233 2334; x_wconf 89' lang='lat' dir='ltr'><strong>ad</strong></span> <span class='ocrx_word' id='word_1_283' title='bbox 1267 2308 1394 2347; x_wconf 88' lang='lat' dir='ltr'><strong>quem</strong></span> <span class='ocrx_word' id='word_1_284' title='bbox 1414 2294 1476 2334; x_wconf 88' lang='lat' dir='ltr'><strong>illi</strong></span> 
     </span>
     <span class='ocr_line' id='line_1_39' title="bbox 118 2350 1478 2406; baseline -0.002 -13"><span class='ocrx_word' id='word_1_285' title='bbox 118 2353 301 2394; x_wconf 89' lang='lat' dir='ltr'><strong>eluctari</strong></span> <span class='ocrx_word' id='word_1_286' title='bbox 340 2352 549 2405; x_wconf 89' lang='lat' dir='ltr'><strong>debeant,</strong></span> <span class='ocrx_word' id='word_1_287' title='bbox 592 2351 812 2393; x_wconf 82' lang='lat' dir='ltr'><strong>luculente</strong></span> <span class='ocrx_word' id='word_1_288' title='bbox 854 2365 950 2393; x_wconf 92' lang='lat' dir='ltr'><strong>esse</strong></span> <span class='ocrx_word' id='word_1_289' title='bbox 991 2350 1287 2406; x_wconf 84' lang='lat' dir='ltr'><strong>propositum,</strong></span> <span class='ocrx_word' id='word_1_290' title='bbox 1328 2358 1378 2391; x_wconf 90' lang='lat' dir='ltr'><strong>ut</strong></span> <span class='ocrx_word' id='word_1_291' title='bbox 1406 2351 1478 2391; x_wconf 85' lang='lat' dir='ltr'><strong>via</strong></span> 
     </span>
     <span class='ocr_line' id='line_1_40' title="bbox 120 2406 1475 2464; baseline -0.001 -14"><span class='ocrx_word' id='word_1_292' title='bbox 120 2416 287 2451; x_wconf 89' lang='lat' dir='ltr'><strong>tantum</strong></span> <span class='ocrx_word' id='word_1_293' title='bbox 328 2415 460 2462; x_wconf 89' lang='lat' dir='ltr'><strong>atque</strong></span> <span class='ocrx_word' id='word_1_294' title='bbox 500 2408 610 2449; x_wconf 89' lang='lat' dir='ltr'><strong>ratio</strong></span> <span class='ocrx_word' id='word_1_295' title='bbox 651 2408 830 2464; x_wconf 80' lang='lat' dir='ltr'><strong>puerilis</strong></span> <span class='ocrx_word' id='word_1_296' title='bbox 872 2406 1190 2459; x_wconf 87' lang='lat' dir='ltr'><strong>institutionis,</strong></span> <span class='ocrx_word' id='word_1_297' title='bbox 1232 2421 1342 2460; x_wconf 86' lang='lat' dir='ltr'><strong>quae</strong></span> <span class='ocrx_word' id='word_1_298' title='bbox 1371 2407 1475 2448; x_wconf 88' lang='lat' dir='ltr'><strong>illuc</strong></span> 
     </span>
     <span class='ocr_line' id='line_1_41' title="bbox 118 2463 1476 2522; baseline -0.002 -14"><span class='ocrx_word' id='word_1_299' title='bbox 118 2465 345 2522; x_wconf 87' lang='lat' dir='ltr'><strong>perducat,</strong></span> <span class='ocrx_word' id='word_1_300' title='bbox 379 2480 464 2506; x_wconf 90' lang='lat' dir='ltr'><strong>non</strong></span> <span class='ocrx_word' id='word_1_301' title='bbox 497 2465 554 2507; x_wconf 88' lang='lat' dir='ltr'><strong>sit</strong></span> <span class='ocrx_word' id='word_1_302' title='bbox 584 2465 831 2507; x_wconf 82' lang='lat' dir='ltr'><strong>accuratius</strong></span> <span class='ocrx_word' id='word_1_303' title='bbox 853 2463 1094 2520; x_wconf 85' lang='lat' dir='ltr'><strong>designata.</strong></span> <span class='ocrx_word' id='word_1_304' title='bbox 1154 2463 1355 2504; x_wconf 79' lang='lat' dir='ltr'><strong>Atenim</strong></span> <span class='ocrx_word' id='word_1_305' title='bbox 1374 2478 1476 2506; x_wconf 88' lang='lat' dir='ltr'><strong>vero</strong></span> 
     </span>
     <span class='ocr_line' id='line_1_42' title="bbox 119 2519 1476 2578; baseline -0.001 -15"><span class='ocrx_word' id='word_1_306' title='bbox 119 2521 457 2578; x_wconf 86' lang='lat' dir='ltr'><strong>prudentissime</strong></span> <span class='ocrx_word' id='word_1_307' title='bbox 489 2521 684 2577; x_wconf 86' lang='lat' dir='ltr'><strong>profecto</strong></span> <span class='ocrx_word' id='word_1_308' title='bbox 714 2520 1000 2577; x_wconf 89' lang='lat' dir='ltr'><strong>philosophus</strong></span> <span class='ocrx_word' id='word_1_309' title='bbox 1033 2519 1145 2561; x_wconf 84' lang='lat' dir='ltr'><strong>hanc</strong></span> <span class='ocrx_word' id='word_1_310' title='bbox 1176 2519 1289 2560; x_wconf 81' lang='lat' dir='ltr'><strong>viam</strong></span> <span class='ocrx_word' id='word_1_311' title='bbox 1311 2519 1476 2562; x_wconf 85' lang='lat' dir='ltr'><strong>iudica-</strong></span> 
     </span>
     <span class='ocr_line' id='line_1_43' title="bbox 121 2576 1475 2632; baseline -0.001 -12"><span class='ocrx_word' id='word_1_312' title='bbox 121 2579 184 2620; x_wconf 85' lang='lat' dir='ltr'><strong>vit</strong></span> <span class='ocrx_word' id='word_1_313' title='bbox 215 2578 325 2619; x_wconf 89' lang='lat' dir='ltr'><strong>duce</strong></span> <span class='ocrx_word' id='word_1_314' title='bbox 359 2593 499 2619; x_wconf 88' lang='lat' dir='ltr'><strong>rerum</strong></span> <span class='ocrx_word' id='word_1_315' title='bbox 530 2592 610 2618; x_wconf 91' lang='lat' dir='ltr'><strong>usu</strong></span> <span class='ocrx_word' id='word_1_316' title='bbox 642 2586 685 2618; x_wconf 87' lang='lat' dir='ltr'><strong>et</strong></span> <span class='ocrx_word' id='word_1_317' title='bbox 715 2577 984 2632; x_wconf 85' lang='lat' dir='ltr'><strong>experientia</strong></span> <span class='ocrx_word' id='word_1_318' title='bbox 1015 2576 1130 2618; x_wconf 86' lang='lat' dir='ltr'><strong>ultro</strong></span> <span class='ocrx_word' id='word_1_319' title='bbox 1154 2576 1377 2618; x_wconf 83' lang='lat' dir='ltr'><strong>inventum</strong></span> <span class='ocrx_word' id='word_1_320' title='bbox 1408 2577 1475 2621; x_wconf 79' lang='lat' dir='ltr'><strong>iri.</strong></span> 
     </span>
     <span class='ocr_line' id='line_1_44' title="bbox 121 2633 1477 2690; baseline -0.002 -14"><span class='ocrx_word' id='word_1_321' title='bbox 121 2641 170 2676; x_wconf 90' lang='lat' dir='ltr'><strong>ut</strong></span> <span class='ocrx_word' id='word_1_322' title='bbox 200 2634 450 2690; x_wconf 88' lang='lat' dir='ltr'><strong>planissime</strong></span> <span class='ocrx_word' id='word_1_323' title='bbox 483 2639 641 2689; x_wconf 85' lang='lat' dir='ltr'><strong>pateat,</strong></span> <span class='ocrx_word' id='word_1_324' title='bbox 671 2634 777 2676; x_wconf 90' lang='lat' dir='ltr'><strong>nihil</strong></span> <span class='ocrx_word' id='word_1_325' title='bbox 808 2634 981 2676; x_wconf 90' lang='lat' dir='ltr'><strong>omnino</strong></span> <span class='ocrx_word' id='word_1_326' title='bbox 1013 2633 1055 2674; x_wconf 92' lang='lat' dir='ltr'><strong>in</strong></span> <span class='ocrx_word' id='word_1_327' title='bbox 1088 2633 1207 2675; x_wconf 83' lang='lat' dir='ltr'><strong>exitu</strong></span> <span class='ocrx_word' id='word_1_328' title='bbox 1247 2634 1390 2690; x_wconf 88' lang='lat' dir='ltr'><strong>operis</strong></span> <span class='ocrx_word' id='word_1_329' title='bbox 1422 2633 1477 2674; x_wconf 86' lang='lat' dir='ltr'><strong>ad</strong></span> 
     </span>
     <span class='ocr_line' id='line_1_45' title="bbox 121 2689 1476 2747; baseline -0.002 -15"><span class='ocrx_word' id='word_1_330' title='bbox 121 2690 428 2747; x_wconf 86' lang='lat' dir='ltr'><strong>disputationis</strong></span> <span class='ocrx_word' id='word_1_331' title='bbox 476 2690 769 2746; x_wconf 83' lang='lat' dir='ltr'><strong>integritatem</strong></span> <span class='ocrx_word' id='word_1_332' title='bbox 831 2689 1081 2731; x_wconf 84' lang='lat' dir='ltr'><strong>desiderari.</strong></span> <span class='ocrx_word' id='word_1_333' title='bbox 1162 2689 1316 2744; x_wconf 88' lang='lat' dir='ltr'><strong>Itaque</strong></span> <span class='ocrx_word' id='word_1_334' title='bbox 1376 2689 1476 2730; x_wconf 84' lang='lat' dir='ltr'><strong>hinc</strong></span> 
     </span>
    </p>
   </div>
   <div class='ocr_carea' id='block_1_3' title="bbox 167 2769 1201 2808">
    <p class='ocr_par' dir='ltr' id='par_1_3' title="bbox 167 2769 1201 2808">
     <span class='ocr_line' id='line_1_46' title="bbox 167 2769 1201 2808; baseline -0.011 -4"><span class='ocrx_word' id='word_1_335' title='bbox 167 2771 269 2803; x_wconf 76' lang='lat' dir='ltr'><strong>Plato</strong></span> <span class='ocrx_word' id='word_1_336' title='bbox 299 2770 374 2802; x_wconf 77' lang='lat' dir='ltr'><strong>vol.</strong></span> <span class='ocrx_word' id='word_1_337' title='bbox 403 2771 447 2802; x_wconf 85' lang='lat' dir='ltr'><strong>X.</strong></span> <span class='ocrx_word' id='word_1_338' title='bbox 479 2769 570 2802; x_wconf 86' lang='lat' dir='ltr'><strong>Sect.</strong></span> <span class='ocrx_word' id='word_1_339' title='bbox 598 2769 653 2802; x_wconf 81' lang='grc' dir='ltr'><strong>ΙΙΙ.</strong></span> <span class='ocrx_word' id='word_1_340' title='bbox 1150 2769 1201 2808; x_wconf 65' lang='lat'><strong>»29</strong></span> 
     </span>
    </p>
   </div>
  </div>
 </body>
</html>
