1781 2971
564 181 735 224 LIBRI
771 180 1008 225 DECIMI.
1389 188 1464 227 117

105 297 422 352 persuadeant,
465 312 559 340 esse
601 298 797 354 profecto
839 297 923 339 vim
954 304 995 339 et
1036 303 1233 339 naturam
1273 296 1464 339 divinam

106 354 160 396 de
200 369 337 410 eaque
377 354 555 411 indigne
597 355 757 397 sentire
809 355 929 396 nefas
969 368 1076 396 esse.
1147 353 1248 408 Qua
1289 354 1463 408 quidem

104 412 271 453 ratione
312 412 570 467 legumlator
617 411 934 468 sapientissime
974 411 1103 453 etiam
1145 410 1252 467 ipsis
1296 411 1464 468 legibus

105 468 196 510 suis
235 468 520 524 opitulabitur
552 483 626 511 eas
668 484 754 511 non
808 468 948 510 minus
990 471 1144 509 natura
1183 482 1280 510 esse
1320 476 1464 510 osten-

105 524 213 567 dens
264 541 392 581 quam
447 540 587 566 rerum
644 533 866 577 naturam,
922 525 1083 580 quippe
1135 539 1266 578 quum
1314 525 1463 566 ambae

105 582 239 623 menti
284 597 404 624 suam
446 582 636 624 debeant
679 582 890 638 originem
931 580 1172 623 secundum
1203 588 1362 623 rectam
1396 597 1463 622 ra-

104 638 266 680 tionem
306 645 546 695 prognatae
590 640 651 696 (p.
684 641 778 681 888.
812 638 862 679 E.
895 662 948 667 -
981 639 1078 678 891.
1112 636 1198 691 C.).
1241 661 1295 667 —
1370 638 1462 679 Iam

104 709 206 736 vero
260 696 489 751 opiniones
526 696 697 737 illorum
739 695 984 746 hominum,
1035 692 1088 734 de
1132 693 1292 747 quibus
1333 694 1462 736 modo

105 751 268 793 dictum
301 759 381 805 est,
416 753 489 794 ubi
517 760 765 806 spectamus
796 751 1060 803 accuratius,
1094 749 1200 804 quid
1231 749 1284 791 de
1315 765 1462 791 earum

102 809 286 850 veritate
323 807 659 850 existimandum
700 807 778 861 sit,
818 822 904 848 non
943 807 1006 848 ita
1044 805 1221 848 difficile
1263 806 1319 848 ad
1349 807 1462 848 iudi·

102 864 287 906 candum
319 864 505 906 videtur.
568 865 813 907 Versantur
844 863 958 905 enim
988 863 1050 905 illi
1081 863 1125 904 in
1157 878 1208 905 ea
1242 863 1460 919 opinione,

101 927 150 962 ut
187 936 329 962 rerum
372 922 609 974 elementa,
642 922 810 978 ignem,
853 935 1038 975 aquam,
1082 921 1246 974 aerem,
1286 926 1460 973 terram,

102 978 286 1034 primum
319 985 415 1019 orta
447 993 542 1021 esse
562 979 749 1033 ideoque
780 984 994 1031 naturam,
1031 991 1160 1032 quam
1179 977 1261 1033 ipsi
1284 984 1459 1031 vocant,

100 1035 222 1090 prius
256 1050 383 1089 quam
416 1035 602 1078 animam
634 1043 767 1090 atque
798 1041 986 1076 mentem
1025 1034 1222 1076 extitisse
1252 1034 1461 1075 arbitren-

102 1100 186 1134 tur.
255 1092 380 1145 Quae
422 1091 598 1146 quidem
641 1093 791 1147 opinio
823 1092 955 1133 sicuti
985 1091 1082 1132 fons
1117 1105 1167 1131 ac
1198 1091 1461 1146 principium

102 1155 168 1190 est
209 1163 357 1190 eorum
396 1149 604 1204 omnium,
637 1165 748 1204 quae
771 1148 824 1190 de
856 1148 1030 1190 numine
1062 1147 1210 1188 divino
1243 1154 1458 1200 statuunt,

101 1205 163 1246 ita
203 1205 334 1261 longe
378 1214 444 1247 est
482 1207 729 1247 vanissima.
800 1204 977 1262 Quippe
1010 1203 1172 1246 iudicio
1204 1204 1333 1259 plane
1364 1219 1460 1260 per-

99 1277 225 1304 verso
262 1262 325 1303 illi
367 1261 438 1316 id,
474 1262 517 1304 in
559 1278 648 1318 quo
680 1263 819 1304 omnis
852 1270 895 1304 et
924 1261 1217 1318 generationis
1249 1267 1293 1302 et
1320 1267 1460 1302 muta-

100 1319 234 1361 tionis
275 1333 431 1361 caussa
461 1319 716 1376 principalis
748 1320 1030 1373 continetur,
1060 1317 1279 1373 posterius
1310 1325 1461 1359 natum

100 1390 196 1417 esse
227 1375 402 1429 volunt,
443 1391 575 1431 quum
617 1383 760 1418 tamen
799 1376 1000 1418 omnibus
1032 1381 1228 1431 apertum
1260 1389 1356 1416 esse
1388 1374 1460 1416 de-

100 1432 222 1486 beat,
255 1433 440 1474 animam
484 1440 526 1475 et
568 1448 680 1488 quae
721 1449 818 1475 cum
858 1448 908 1475 ea
940 1433 1172 1474 coniuncta
1202 1438 1302 1473 sunt
1336 1432 1460 1473 artis·

99 1489 230 1542 sime,
262 1490 498 1543 rationem,
532 1491 788 1543 scientiam,
821 1497 979 1542 artem,
1010 1489 1166 1545 legem,
1199 1489 1319 1543 prius
1351 1489 1460 1530 exti-

100 1546 204 1588 tisse
246 1556 375 1600 quam
414 1560 482 1588 res
524 1548 604 1589 sub
646 1562 798 1589 sensus
849 1547 1068 1588 subiectas
1120 1553 1162 1587 et
1209 1560 1458 1600 corporeas,

100 1602 454 1657 quandoquidem
510 1602 662 1646 harum
711 1605 892 1645 mutatio
942 1618 994 1645 ac
1045 1602 1279 1658 dispositio
1331 1602 1461 1656 plane

99 1674 152 1701 ex
185 1659 272 1700 illis
306 1665 410 1715 apt-a
455 1666 586 1714 atque
619 1676 835 1715 suspensa
874 1666 954 1701 est.
1017 1658 1149 1711 Quod
1181 1674 1268 1713 quo
1300 1659 1460 1700 clarius

98 1716 394 1773 intelligatur,
451 1717 732 1773 suscipienda
785 1724 852 1759 est
892 1715 1085 1757 difficilis
1135 1715 1336 1770 quidem,
1383 1715 1459 1757 sed

99 1788 257 1829 magna
294 1773 397 1814 item
441 1780 485 1814 et
515 1774 570 1815 ad
601 1775 691 1816 veri
723 1773 1018 1831 cognitionem
1049 1773 1280 1814 utilissima
1311 1772 1460 1828 dispu-

99 1830 206 1871 tatio
239 1830 303 1885 (ρ.
336 1832 433 1873 891.
467 1830 517 1871 C.
550 1856 604 1861 —
636 1833 732 1874 893.
765 1832 857 1886 A.).
890 1855 944 1860 -
1004 1829 1191 1871 Videtur
1221 1835 1365 1870 autem
1397 1828 1458 1881 id,

101 1885 219 1941 quod
259 1887 385 1929 nobis
419 1887 640 1942 volumus,
676 1889 756 1930 hac
797 1889 885 1929 fere
918 1886 1033 1928 effici
1068 1887 1458 1942 argumentatione.

101 1944 267 1986 Omnes
307 1944 481 1985 omnino
521 1959 614 1999 res,
658 1951 873 2000 quotquot
916 1950 1088 1996 extant,
1132 1943 1318 1998 duplicis
1360 1952 1460 1984 sunt

100 2001 299 2056 generis,
347 2000 562 2055 siquidem
593 2002 704 2043 aliae
735 2006 979 2053 moventur,
1011 2000 1120 2040 aliae
1152 2005 1254 2040 sunt
1285 2000 1460 2053 quietae

99 2068 230 2110 atque
258 2063 378 2098 motu
409 2064 571 2099 carent.
633 2058 860 2113 Utraeque
891 2063 1036 2098 autem
1067 2055 1268 2112 indigent
1298 2056 1458 2110 spatio,

99 2115 143 2155 in
175 2128 262 2168 quo
293 2114 363 2155 vel
391 2120 648 2156 moveantur
685 2115 755 2157 vel
786 2115 1026 2169 quiescant.
1087 2113 1180 2154 Iam
1213 2127 1313 2154 vero
1343 2112 1458 2166 illae,

101 2185 213 2225 quae
244 2177 498 2224 moventur,
540 2186 690 2214 rursus
730 2171 918 2227 duplicis
950 2170 1123 2226 generis
1161 2178 1285 2222 sunt,
1327 2184 1458 2223 quum

101 2227 188 2269 duo
232 2227 319 2269 sint
357 2234 502 2269 motus
541 2243 714 2284 genera.
782 2229 957 2270 Etenim
990 2241 1100 2281 quae
1132 2234 1376 2280 moventur,
1410 2242 1461 2267 ea

101 2290 178 2325 aut
213 2284 257 2325 in
297 2299 384 2325 uno
424 2284 664 2339 eodemque
708 2292 941 2327 versantur
978 2284 1076 2325 loco
1108 2289 1186 2323 aut
1215 2298 1266 2323 ex
1300 2283 1383 2323 alio
1416 2283 1459 2324 in

102 2340 232 2382 alium
271 2341 413 2382 locum
456 2341 681 2396 feruntur,
725 2340 1077 2397 quandoquidem
1120 2339 1203 2380 alia
1237 2340 1280 2380 in
1312 2340 1459 2380 orbem

102 2397 478 2453 circumaguntur,
521 2398 605 2440 alia
643 2405 765 2441 motu
805 2414 886 2441 suo
929 2399 1126 2439 feruntur
1158 2396 1360 2443 aliorsum
1395 2405 1458 2436 at-

103 2469 188 2509 que
228 2454 566 2510 progrediuntur
606 2455 737 2498 modo
770 2456 896 2498 basin
928 2454 1056 2496 unius
1087 2453 1224 2495 centri
1255 2452 1461 2494 habentia

101 2510 230 2553 modo
272 2511 395 2552 aliter
425 2519 686 2568 comparata.
761 2512 886 2566 Quae
916 2526 1047 2568 porro
1078 2510 1122 2551 in
1154 2509 1284 2551 alium
1315 2509 1459 2551 locum

102 2575 270 2620 meant,
320 2582 370 2609 ea
413 2570 758 2624 quotiescunque
800 2570 912 2611 inter
944 2583 990 2610 se
1021 2573 1272 2619 occurrunt,
1306 2567 1460 2608 stanti-

102 2624 182 2666 bus
218 2624 501 2674 ,adcurrentia
538 2625 827 2680 divelluntur,
880 2626 925 2667 in
964 2639 1015 2666 ea
1055 2639 1158 2666 vero
1204 2623 1459 2676 incidentia,

103 2695 214 2734 quae
247 2696 300 2723 ex
332 2680 516 2724 adverso
553 2682 667 2724 inter
709 2698 756 2725 se
786 2683 1051 2738 contingunt
1082 2687 1124 2723 et
1156 2680 1200 2721 in
1233 2696 1365 2722 unum
1399 2680 1459 2721 fe-

102 2744 265 2786 runtur,
299 2737 648 2781 cohaerescentia
685 2756 779 2782 cum
814 2741 908 2782 istis
939 2738 1265 2793 copulanturet
1299 2753 1459 2792 coagu-¹
