1781 2971
321 153 401 193 334
826 149 1287 193 ARGUMENTUM

323 260 633 317 disputandum
665 261 735 302 sit.
795 261 918 303 Nihil
948 262 1062 304 enim
1092 262 1332 318 perfectum
1364 268 1408 304 et
1425 261 1675 303 absolutum

324 334 420 361 esse
461 318 710 371 arbitratur,
744 318 868 359 cuius
899 319 1222 360 conservationi
1255 334 1341 360 non
1372 319 1456 360 rite
1494 332 1674 374 prospe-

323 382 441 417 ctum
473 375 543 416 sit.
604 372 896 426 Quamobrem
929 375 1055 416 etiam
1088 375 1170 417 hoc
1201 374 1439 417 curandum
1471 377 1532 416 ait
1563 388 1673 427 esse,

322 438 371 473 ut
399 431 664 488 reipublicae
694 445 796 473 suae
826 430 945 486 leges
976 438 1019 472 et
1047 431 1250 474 instituta
1281 446 1407 486 quam
1432 431 1674 472 diutissime

323 488 445 530 salva
481 493 684 530 maneant
721 494 764 528 et
803 487 1050 529 incolumia.
1110 487 1162 528 Id
1194 495 1336 530 autem
1368 488 1463 529 fieri
1493 488 1554 528 ita
1582 494 1677 528 tan-

322 552 412 586 tum
444 559 576 599 posse
607 544 844 597 existimat,
877 544 914 586 si
944 544 988 586 in
1018 544 1194 586 civitate
1226 559 1377 587 recens
1410 543 1586 586 condita
1610 558 1677 585 re-

323 602 569 657 periantur,
611 601 687 655 qui
725 600 984 656 sapientiam
1028 606 1072 642 et
1109 602 1200 642 veri
1245 601 1538 657 cognitionem
1579 614 1677 641 cum

322 673 466 699 rerum
528 672 611 700 usu
660 663 704 698 et
761 657 1029 711 experientia
1075 658 1350 699 coniunctam
1400 656 1676 713 possideant,

323 714 509 769 ideoque
553 714 736 771 primum
784 713 959 768 quidem
1006 713 1135 755 finem
1187 714 1353 756 civitati
1407 713 1678 770 propositum

324 771 459 826 probe
489 776 768 827 perspectum
798 770 1001 823 habeant,
1034 784 1085 811 ac
1109 770 1267 812 deinde
1297 771 1429 812 etiam
1459 769 1676 823 noverint,

325 828 585 881 quibusnam
624 827 796 882 legibus
837 834 881 867 et
921 841 1104 880 quorum
1135 826 1356 868 hominum
1389 842 1523 882 opera
1553 832 1677 867 uten-

294 880 425 925 'dum
467 885 548 937 sit,
594 899 680 938 quo
721 883 905 924 feliciter
946 883 1001 923 ad
1043 882 1163 925 illum
1193 884 1483 938 perveniatur.
1543 883 1604 924 Et
1633 883 1678 924 in

325 946 476 982 nostra
517 940 693 995 quidem
724 940 924 992 civitate,
957 939 1121 994 inquit,
1165 940 1379 982 eiusmodi
1410 939 1493 981 viri
1523 939 1676 993 utique

323 997 618 1052 reperiuntur3
659 1002 762 1038 sunt
791 997 904 1037 enim
936 1011 1022 1037 non
1054 995 1150 1050 alii,
1198 1011 1324 1051 quam
1357 997 1501 1051 legum
1532 1002 1678 1038 custo-

325 1053 401 1095 des
441 1059 546 1094 natu
587 1053 782 1106 maximi,
829 1059 1141 1107 praetereaque
1190 1053 1244 1105 ii,
1291 1053 1362 1106 qui
1402 1052 1680 1094 laudabiliter

325 1116 428 1151 sunt
458 1110 748 1165 peregrinati,
792 1123 1027 1163 omnesque
1068 1111 1244 1150 iuvenes
1276 1110 1329 1150 ab
1362 1109 1446 1150 illis
1477 1109 1599 1163 quasi
1633 1109 1679 1150 in

326 1167 579 1207 societatem
612 1165 838 1218 advocati,
887 1166 959 1219 qui
991 1164 1165 1219 quidem
1199 1180 1346 1208 omnes
1376 1173 1510 1222 agant
1539 1171 1678 1206 matu-

324 1223 463 1264 tinum
502 1222 623 1263 illum
662 1228 947 1274 conventum,
993 1221 1045 1263 de
1072 1236 1159 1276 quo
1188 1222 1336 1277 paullo
1379 1229 1479 1264 ante
1518 1223 1680 1263 iniecta

325 1286 393 1320 est
431 1280 606 1320 mentio.
668 1279 726 1319 Hi
766 1279 900 1334 igitur
937 1285 1147 1334 perpetuo
1192 1279 1245 1320 ob
1277 1277 1425 1321 oculos
1457 1279 1680 1320 habebunt

325 1335 454 1377 finem
495 1335 661 1377 civitati
701 1335 1001 1390 propositum,
1043 1350 1170 1390 quem
1215 1350 1303 1376 non
1333 1335 1377 1376 in
1408 1335 1679 1392 singulorum

326 1391 597 1447 quorundam
638 1391 796 1433 civium
836 1391 1034 1446 potentia
1079 1398 1122 1432 et
1172 1392 1457 1445 auctoritate,
1505 1407 1594 1433 non
1635 1392 1680 1433 in

324 1464 457 1504 opum
489 1464 540 1490 ac
571 1448 818 1497 divitiarum
853 1448 1159 1504 possessione,
1194 1447 1381 1503 denique
1413 1464 1501 1490 non
1530 1449 1575 1490 in
1606 1463 1680 1489 ex-

325 1513 547 1547 ternorum
578 1506 789 1547 bonorum
822 1505 949 1560 copia
981 1512 1023 1546 et
1057 1505 1282 1546 affluentia
1311 1505 1429 1547 cerni
1470 1504 1680 1548 iudicavi-

323 1559 446 1615 mus,
489 1561 566 1603 sed
610 1563 756 1616 potius
799 1562 991 1617 positum
1022 1562 1237 1603 voluimus
1270 1577 1364 1604 esse
1396 1563 1439 1604 in
1472 1577 1559 1603 una
1588 1561 1681 1604 sola

327 1619 513 1672 virtute,
555 1618 856 1673 imprimisque
886 1619 930 1659 in
962 1618 1201 1673 sapientia,
1243 1619 1402 1674 quippe
1441 1633 1552 1673 quae
1581 1618 1678 1659 reli-

328 1690 511 1729 quarum
563 1675 772 1716 virtutum
824 1676 1013 1716 omnium
1062 1681 1267 1728 tanquam
1316 1676 1469 1731 regina
1507 1680 1574 1717 est
1615 1676 1677 1730 (p.

327 1733 423 1774 961.
456 1731 543 1782 B.).
587 1756 641 1761 --
711 1732 902 1787 Oportet
938 1738 1080 1772 autem
1123 1732 1366 1785 civjtatem,
1411 1746 1521 1786 quae
1560 1731 1680 1773 salva

326 1788 386 1829 sit
414 1803 638 1841 mansura,
682 1788 864 1829 similem
896 1803 989 1830 esse
1021 1788 1254 1839 animanti,
1298 1795 1440 1830 mente
1473 1794 1517 1830 et
1555 1803 1679 1844 prae-

325 1844 604 1887 stantissimis
661 1845 781 1887 visus
835 1851 878 1886 et
933 1844 1107 1886 auditus
1165 1845 1367 1886 sensibus
1421 1844 1678 1898 instructae,

328 1900 683 1955 quandoquidem
725 1901 855 1942 huius
904 1902 1132 1955 utriusque
1180 1902 1241 1942 rei
1293 1901 1485 1943 bonitate
1535 1901 1679 1943 cuius-

325 1973 411 2012 que
468 1958 699 2000 animantis
747 1958 864 2000 salus
911 1964 953 1999 et
1010 1957 1284 2000 conservatio
1335 1958 1518 1999 maxime
1576 1973 1678 2000 con-

326 2015 501 2056 tinetur.
561 2014 717 2068 Itaque
758 2021 999 2056 conventus
1028 2015 1116 2066 ille,
1150 2029 1275 2069 quem
1307 2013 1573 2068 dicebamus,
1605 2013 1679 2056 de-

326 2072 403 2113 bet
423 2071 577 2113 mentis
609 2078 652 2112 et
674 2072 1143 2125 praestantissimorum
1176 2086 1381 2113 sensuum
1401 2071 1538 2113 instar
1569 2085 1678 2125 esse,

328 2133 460 2182 atque
498 2128 672 2183 penitus
714 2134 989 2183 perspectum
1031 2128 1214 2181 habere,
1260 2128 1433 2181 quinam
1475 2128 1532 2170 sit
1579 2126 1679 2170 finis

325 2185 552 2226 universae
593 2184 810 2237 civitatis,
852 2184 906 2225 ad
938 2199 1122 2239 eumque
1156 2184 1298 2225 omnia
1331 2198 1381 2225 ac
1411 2183 1584 2240 singula
1613 2198 1680 2226 re-

325 2240 453 2293 ferre,
485 2241 634 2284 vitatis
659 2241 803 2283 multis
833 2240 918 2283 illis
940 2241 1156 2295 variisque
1187 2240 1358 2294 studiis,
1392 2241 1550 2294 quibus
1572 2240 1678 2284 alias

322 2312 464 2339 rerum
489 2297 760 2353 publicarum
780 2297 1092 2354 gubernatores
1116 2297 1243 2338 facile
1273 2297 1511 2339 transversi
1543 2312 1679 2354 agun-

323 2360 406 2395 tur.
467 2353 624 2409 Itaque
651 2354 712 2395 illi
742 2355 932 2396 civitatis
973 2353 1178 2396 custodes
1220 2368 1346 2395 nosse
1390 2353 1550 2396 debent
1579 2360 1679 2396 ante

324 2410 483 2464 omnia,
517 2411 580 2452 uti
604 2410 807 2465 diximus,
840 2426 1050 2465 quaenam
1075 2411 1132 2452 sit
1162 2409 1331 2452 virtutis
1363 2411 1428 2453 vis
1455 2419 1498 2452 et
1525 2416 1680 2452 natuta

323 2473 366 2508 et
397 2482 609 2521 quaenam
641 2468 733 2510 eius
767 2474 912 2524 partes
944 2474 1075 2522 atque
1105 2468 1282 2519 formae,
1316 2467 1378 2507 ita
1408 2466 1599 2522 quidem,
1630 2474 1679 2509 ut

323 2524 398 2577 qui
432 2530 535 2565 sunt
575 2525 710 2568 exiis
750 2525 952 2578 iuvenes,
993 2530 1126 2565 totam
1174 2524 1395 2565 civitatem
1438 2523 1562 2577 quasi
1595 2524 1678 2566 cir-

326 2580 544 2621 cumcirca
595 2581 846 2624 intueantur
895 2588 938 2623 et
988 2579 1203 2636 quidquid
1255 2580 1529 2637 perceperint
1574 2587 1678 2622 natu

325 2636 561 2678 maioribus
593 2640 816 2692 nuntient,
856 2652 981 2681 senes
1012 2652 1130 2691 vero,
1162 2643 1368 2692 tanquam
1399 2637 1533 2678 menti
1561 2637 1677 2679 simi-

325 2692 404 2746 les,
438 2693 689 2737 consultent
729 2701 771 2738 et
809 2694 1002 2738 consiliis
1038 2710 1133 2737 cum
1174 2693 1403 2736 iuvenibus
1443 2693 1677 2736 communi-

1760 266 1773 306 '1

1758 319 1759 322 Ἴ
1773 307 1775 315 ⁴

1752 403 1771 451 ἴτ’

1754 461 1770 483 7⁵

1750 485 1781 577 Ξ
