1781 2971
433 142 653 187 VULGO
688 142 970 185 PLATONI
1003 147 1084 185 etc.
1347 141 1428 182 465

89 273 183 299 eum
215 263 258 299 et
288 258 457 314 Legum
489 256 698 299 editorem
731 262 773 296 et
802 255 1129 311 disciplinarum
1157 254 1429 296 mathemati-

88 331 234 357 carum
264 329 472 371 perquam
504 314 746 356 studiosum
776 312 909 355 tuisse
952 313 1242 369 accepissent,
1288 326 1429 365 neque

88 387 188 414 vero
219 379 294 413 aut
325 372 430 413 vitia
460 367 734 426 Epinomidis
766 376 840 411 aut
869 370 1061 425 Philippi
1091 369 1236 412 studia
1264 369 1429 410 littera-

87 445 180 470 rum
213 436 346 484 atque
376 436 569 484 tempora
598 433 713 469 recte
745 427 1104 469 aestimavissent.
1165 426 1337 467 Etenim
1361 425 1428 467 his

87 485 260 539 quidem
291 492 492 528 accurate
532 484 757 540 perpensis
789 484 1104 540 diligenterque
1142 482 1426 525 consideratis

86 542 204 584 nullo
236 542 362 584 modo
395 542 488 583 fieri
519 557 647 597 posse
679 541 998 594 existimamus,
1032 548 1080 582 ut
1109 541 1325 582 sententia
1354 540 1428 580 illa

86 600 360 654 criticorum,
396 599 448 640 de.
481 614 566 653 qua
595 599 833 653 loquimur,
877 599 1128 640 assensione
1166 597 1300 653 digna
1331 612 1425 638 esse

85 656 312 698 iudicetur.
375 655 493 709 Quid
524 654 665 697 enim?
706 655 802 709 quis
834 654 1007 696 tandem
1037 655 1118 696 sibi
1148 653 1427 709 persuadebit

86 713 269 755 eundem
300 714 420 755 illum
451 713 690 764 hominem,
732 711 806 766 qui
847 718 890 752 et
920 711 1143 754 Socratem
1186 711 1427 752 audivisset

85 778 130 812 et
163 771 351 812 Platonis
390 770 547 811 fuisset
587 768 828 824 discipulus
869 767 1057 822 ideoque
1101 768 1253 810 summi
1287 767 1424 823 philo-

81 827 209 883 sophi
240 827 477 882 sapientiae
508 836 728 881 tamquam
762 826 896 867 sacris
937 826 1065 880 plane
1096 825 1293 866 initiatus
1326 839 1420 866 esse

85 890 254 940 posset.⁷
295 886 338 925 in
368 882 595 925 condendo
626 883 710 924 hoc
749 897 878 938 opere
917 882 1025 924 adeo
1058 882 1342 935 coecutiisse,
1383 888 1430 922 ut

84 957 170 983 non
200 941 330 982 inodo
370 940 487 982 nullo
528 941 697 996 Legum
728 939 1030 995 supplemento
1070 955 1179 994 opus
1212 954 1307 980 esse
1340 954 1424 980 non

86 998 470 1051 animadverteret,
522 997 599 1038 sed
647 997 775 1037 etiam
822 997 867 1037 in
906 996 1162 1038 illustrando
1200 996 1426 1037 universae

87 1055 396 1110 disputationis
426 1065 679 1110 argumento
700 1054 934 1095 miserrime
955 1061 1099 1095 rueret
1118 1069 1168 1094 ac
1187 1060 1280 1094 toto
1303 1053 1425 1093 coelo

86 1113 138 1154 ab
170 1113 308 1167 ipsius
332 1112 529 1153 Platonis
561 1117 703 1152 mente
735 1117 778 1152 et
809 1112 1026 1153 sententia
1056 1109 1303 1152 aberraret?
1336 1112 1428 1151 Aut

88 1170 182 1224 quis
215 1168 414 1225 catalogo
446 1169 529 1210 isto
570 1168 828 1223 scriptorum
858 1167 1072 1224 Philippi,
1115 1167 1287 1222 qualem
1328 1165 1427 1209 Sui-

86 1227 163 1268 das
196 1226 396 1277 exhibet,
436 1225 680 1267 accuratius
710 1225 895 1266 lustrato
927 1225 1203 1281 cognitisque
1237 1225 1328 1265 eius
1358 1223 1428 1264 lit-

84 1290 271 1324 terarum
293 1282 465 1336 studiis,
488 1281 540 1323 de
562 1282 719 1336 quibus
740 1287 916 1322 narrant
939 1281 1120 1324 Proclus
1141 1289 1184 1323 et
1207 1280 1425 1334 Laertius,

85 1340 317 1382 verisimile
362 1354 457 1381 esse
510 1339 708 1394 putabit⁷
763 1338 979 1380 hominem
1023 1344 1108 1379 tam
1162 1338 1337 1380 doctum
1386 1345 1429 1379 et

85 1397 301 1439 eruditum
333 1412 358 1437 a
388 1411 433 1438 se
464 1396 695 1450 impetrare
725 1396 945 1451 potuisse,
994 1405 1042 1436 ut
1079 1395 1271 1437 libellum
1304 1395 1426 1436 emit-

82 1461 217 1508 teret,
262 1454 334 1508 qui
366 1468 446 1494 nec
476 1453 674 1494 Platonis
705 1452 927 1494 doctrinae
966 1453 1169 1494 subtilius
1206 1452 1428 1493 illustran-

85 1511 165 1552 dae
196 1511 283 1552 ulla
313 1511 357 1552 in
390 1516 513 1566 parte
545 1509 775 1551 inserviret
802 1524 882 1551 nec
912 1509 1175 1552 levissimam
1207 1509 1425 1550 subtilita-

83 1568 140 1610 tis
172 1568 241 1610 vel
272 1567 512 1624 elegantiae
543 1567 728 1622 speciem
760 1581 864 1621 prae
904 1581 950 1607 se
982 1566 1139 1608 ferret?
1209 1566 1427 1607 Nimirum

82 1624 198 1667 istud
229 1625 403 1679 quidem
434 1622 638 1676 credant,
671 1624 829 1677 quibus
861 1638 942 1665 nec
972 1622 1225 1665 incredibile
1260 1623 1425 1664 videbi-

82 1688 152 1723 tur
181 1682 397 1724 hominem
429 1681 574 1722 obtusi
604 1681 770 1737 ingenii
800 1681 846 1721 in
865 1681 1062 1722 Platonis
1091 1680 1426 1721 familiaritatem

81 1738 253 1781 admitti
293 1738 490 1792 adeoque
531 1752 556 1778 a
602 1752 769 1779 summo
813 1737 1075 1794 philosopho
1129 1737 1184 1779 ad
1239 1735 1424 1778 colenda

81 1795 373 1838 doctrinarum
412 1794 812 1836 mathematicarum
853 1794 999 1836 studia
1039 1794 1220 1836 excitari
1259 1800 1301 1835 et
1345 1794 1423 1835 im-

82 1853 185 1908 pelli
214 1853 438 1908 potuisse,
483 1851 601 1906 quod
632 1864 774 1892 tamen
804 1851 1010 1907 Philippo
1042 1852 1105 1892 ita
1136 1852 1298 1893 factum
1330 1865 1423 1893 esse

83 1910 341 1951 testimoniis
382 1915 576 1950 veterum
616 1909 875 1963 scriptorum
927 1908 1170 1950 confirmari
1220 1908 1423 1948 vidimus.

84 1966 173 2009 Sed
204 1972 430 2022 praeterea
459 1965 589 2006 etiam
620 1964 738 2005 aliud
770 1964 873 2019 quid
905 1971 984 2017 est,
1017 1963 1134 2018 quod
1165 1965 1424 2006 sententiam

82 2023 198 2064 illam
241 2023 392 2064 falsam
435 2036 530 2063 esse
569 2027 818 2075 temereque
858 2028 1105 2076 susceptam
1148 2036 1236 2062 non
1283 2021 1423 2062 minus

83 2080 424 2122 clare'testatur.
487 2079 660 2119 Etenim
692 2078 1048 2120 Aristoteles
1090 2093 1221 2132 quum
1254 2078 1425 2134 Legum

82 2137 276 2179 Platonis
309 2152 395 2178 non
426 2151 512 2177 uno
542 2135 639 2177 loco
668 2136 820 2176 fecerit
848 2136 1109 2177 mentionem
1131 2134 1328 2189 adeoque
1346 2149 1424 2189 pe-

85 2194 289 2236 culiarem
319 2194 487 2234 illarum
519 2207 746 2234 censuram
777 2193 937 2248 egerit⁷
979 2192 1032 2233 de
1075 2208 1160 2247 qua
1191 2207 1237 2233 re
1267 2209 1305 2233 v.
1338 2191 1421 2233 Po-

83 2251 216 2292 litice.
250 2251 371 2293 Libr.
402 2250 463 2291 II.
495 2264 530 2291 c.
565 2251 602 2290 6.
637 2264 730 2304 sqq.
763 2260 903 2291 tamen
945 2248 1218 2305 Epinomidis
1258 2248 1421 2289 nullam

84 2322 265 2362 usquam
295 2307 417 2348 duxit
447 2307 672 2348 rationem.
732 2306 786 2348 Id
819 2306 934 2361 quod
965 2306 1033 2348 vel
1064 2312 1295 2362 propterea
1324 2306 1420 2346 uni-

85 2364 241 2418 cuique
271 2364 424 2405 mirum
453 2363 624 2405 accidat
654 2378 830 2406 necesse
862 2370 952 2416 est⁷
986 2363 1102 2418 quod
1131 2363 1302 2404 libellus
1335 2377 1422 2403 me-

83 2420 310 2463 morabilia
350 2420 561 2474 quaedam
600 2421 759 2476 placita
799 2421 1016 2473 continet,
1071 2435 1180 2474 quae
1231 2421 1320 2460 sive
1371 2434 1422 2461 ea

84 2478 208 2519 Plato
238 2478 333 2533 ipse
366 2477 455 2519 sive
487 2477 596 2518 alius
628 2477 841 2533 quispiam
876 2477 1158 2532 proposuisse
1186 2476 1420 2530 videretur⁷

84 2535 128 2576 in
161 2536 330 2590 Legum
362 2549 544 2575 censura
573 2534 645 2575 vix
675 2541 910 2589 potuerunt
930 2534 1212 2590 praetermitti
1234 2534 1420 2575 silentio.

85 2592 176 2632 Iam
222 2607 322 2632 vero
362 2591 621 2633 Aristoteles
650 2591 835 2633 Politica
871 2607 949 2633 sua
988 2607 1073 2633 non
1115 2601 1212 2632 ante
1244 2590 1419 2647 Olymp.

87 2647 209 2690 CXI.
242 2650 280 2689 2.
312 2663 378 2686 =
401 2663 436 2688 a.
471 2646 572 2688 Chr.
605 2664 646 2689 n.
678 2650 771 2690 335.
804 2649 989 2703 scripsit.
1050 2648 1119 2689 Ex
1151 2662 1236 2702 quo
1267 2663 1420 2689 conse-

88 2720 220 2759 quens
251 2711 339 2758 est,
382 2711 431 2746 ut
460 2719 514 2746 ne
546 2704 776 2761 Philippus
805 2705 1004 2760 quidem,
1045 2704 1257 2760 siquidem
1287 2705 1323 2747 is
1353 2720 1419 2746 re-

131 2785 212 2817 Plat
236 2785 322 2827 Opp.
353 2785 427 2817 vol.
456 2785 502 2819 X.
529 2783 620 2817 Sect.
649 2786 706 2818 ΙΙΙ.
1100 2786 1153 2827 30
