<?xml version="1.0" encoding="UTF-8"?>
<!DOCTYPE html PUBLIC "-//W3C//DTD XHTML 1.0 Transitional//EN"
    "http://www.w3.org/TR/xhtml1/DTD/xhtml1-transitional.dtd">
<html xmlns="http://www.w3.org/1999/xhtml" xml:lang="en" lang="en">
 <head>
  <title>
</title>
<meta http-equiv="Content-Type" content="text/html;charset=utf-8" />
  <meta name='ocr-system' content='tesseract 3.04.00' />
  <meta name='ocr-capabilities' content='ocr_page ocr_carea ocr_par ocr_line ocrx_word'/>
</head>
<body>
  <div class='ocr_page' id='page_1' title='image "./n3operaomniarecens10platuoft/n3operaomniarecens10platuoft_0227.png"; bbox 0 0 1781 2971; ppageno 0'>
   <div class='ocr_carea' id='block_1_1' title="bbox 271 116 1216 162">
    <p class='ocr_par' dir='ltr' id='par_1_1' title="bbox 271 116 1216 162">
     <span class='ocr_line' id='line_1_1' title="bbox 271 116 1216 162; baseline -0.002 -1"><span class='ocrx_word' id='word_1_1' title='bbox 271 118 354 161; x_wconf 82' lang='lat' dir='ltr'>DE</span> <span class='ocrx_word' id='word_1_2' title='bbox 385 116 665 161; x_wconf 88' lang='lat' dir='ltr'>LEGIBUS</span> <span class='ocrx_word' id='word_1_3' title='bbox 697 117 817 160; x_wconf 91' lang='lat' dir='ltr'>LIB.</span> <span class='ocrx_word' id='word_1_4' title='bbox 849 116 907 159; x_wconf 91' lang='lat' dir='ltr'>X.</span> <span class='ocrx_word' id='word_1_5' title='bbox 942 117 990 160; x_wconf 91' lang='lat' dir='ltr'>P.</span> <span class='ocrx_word' id='word_1_6' title='bbox 1022 118 1117 160; x_wconf 81' lang='lat'>905.</span> <span class='ocrx_word' id='word_1_7' title='bbox 1153 117 1216 162; x_wconf 86' lang='lat' dir='ltr'>St.</span> 
     </span>
    </p>
   </div>
   <div class='ocr_carea' id='block_1_2' title="bbox 58 234 780 291">
    <p class='ocr_par' dir='ltr' id='par_1_2' title="bbox 58 234 780 291">
     <span class='ocr_line' id='line_1_2' title="bbox 58 234 780 291; baseline -0.004 -13"><span class='ocrx_word' id='word_1_8' title='bbox 58 234 210 291; x_wconf 77' lang='grc' dir='ltr'><em>χάνειν</em></span> <span class='ocrx_word' id='word_1_9' title='bbox 265 236 460 290; x_wconf 82' lang='grc' dir='ltr'><em>μείζοσιν</em></span> <span class='ocrx_word' id='word_1_10' title='bbox 515 234 759 284; x_wconf 73' lang='grc' dir='ltr'><em>ἐλάττονας</em></span> <span class='ocrx_word' id='word_1_11' title='bbox 771 253 780 284; x_wconf 90' lang='grc'>,·</span> 
     </span>
    </p>
   </div>
   <div class='ocr_carea' id='block_1_3' title="bbox 1336 119 1417 161">
    <p class='ocr_par' dir='ltr' id='par_1_3' title="bbox 1336 119 1417 161">
     <span class='ocr_line' id='line_1_3' title="bbox 1336 119 1417 161; baseline -0.012 0"><span class='ocrx_word' id='word_1_12' title='bbox 1336 119 1417 161; x_wconf 76' lang='lat'>223</span> 
     </span>
    </p>
   </div>
   <div class='ocr_carea' id='block_1_4' title="bbox 840 232 1418 291">
    <p class='ocr_par' dir='ltr' id='par_1_4' title="bbox 840 232 1418 291">
     <span class='ocr_line' id='line_1_4' title="bbox 840 232 1418 291; baseline 0.002 -14"><span class='ocrx_word' id='word_1_13' title='bbox 840 233 1034 291; x_wconf 70' lang='grc' dir='ltr'><em>πότερον</em></span> <span class='ocrx_word' id='word_1_14' title='bbox 1088 232 1259 290; x_wconf 77' lang='grc' dir='ltr'><em>ἡνίοχοί</em></span> <span class='ocrx_word' id='word_1_15' title='bbox 1305 251 1418 285; x_wconf 75' lang='grc' dir='ltr'><em>τινες</em></span> 
     </span>
    </p>
   </div>
   <div class='ocr_carea' id='block_1_5' title="bbox 60 299 1416 358">
    <p class='ocr_par' dir='ltr' id='par_1_5' title="bbox 60 299 1416 358">
     <span class='ocr_line' id='line_1_5' title="bbox 60 299 1416 358; baseline -0.001 -12"><span class='ocrx_word' id='word_1_16' title='bbox 60 301 118 346; x_wconf 74' lang='grc' dir='ltr'>ἂν</span> <span class='ocrx_word' id='word_1_17' title='bbox 145 304 228 347; x_wconf 79' lang='grc' dir='ltr'><em>εἶεν</em></span> <span class='ocrx_word' id='word_1_18' title='bbox 256 304 454 346; x_wconf 75' lang='grc' dir='ltr'><em>τοιοῦτοι</em></span> <span class='ocrx_word' id='word_1_19' title='bbox 478 303 639 356; x_wconf 73' lang='grc' dir='ltr'>ζευγῶν</span> <span class='ocrx_word' id='word_1_20' title='bbox 674 299 987 357; x_wconf 70' lang='grc' dir='ltr'><em>ἁμιλλωμένων</em></span> <span class='ocrx_word' id='word_1_21' title='bbox 1022 299 1047 353; x_wconf 76' lang='grc' dir='ltr'><em>ἢ</em></span> <span class='ocrx_word' id='word_1_22' title='bbox 1073 304 1239 345; x_wconf 74' lang='grc' dir='ltr'><em>πλοίων</em></span> <span class='ocrx_word' id='word_1_23' title='bbox 1265 304 1416 358; x_wconf 73' lang='grc' dir='ltr'><strong><em>κυβερ-</em></strong></span> 
     </span>
    </p>
   </div>
   <div class='ocr_carea' id='block_1_6' title="bbox 63 453 707 493">
    <p class='ocr_par' dir='ltr' id='par_1_6' title="bbox 63 453 707 493">
     <span class='ocr_line' id='line_1_6' title="bbox 63 453 707 493; baseline 0.003 -10"><span class='ocrx_word' id='word_1_24' title='bbox 63 455 99 484; x_wconf 90' lang='lat' dir='ltr'>ut</span> <span class='ocrx_word' id='word_1_25' title='bbox 133 453 350 493; x_wconf 83' lang='lat' dir='ltr'>scripserunt</span> <span class='ocrx_word' id='word_1_26' title='bbox 384 454 520 487; x_wconf 83' lang='lat' dir='ltr'>Bekker</span> <span class='ocrx_word' id='word_1_27' title='bbox 545 457 578 485; x_wconf 89' lang='lat' dir='ltr'>et</span> <span class='ocrx_word' id='word_1_28' title='bbox 606 454 707 486; x_wconf 87' lang='lat' dir='ltr'>Turr.</span> 
     </span>
    </p>
   </div>
   <div class='ocr_carea' id='block_1_7' title="bbox 758 453 1418 494">
    <p class='ocr_par' dir='ltr' id='par_1_7' title="bbox 758 453 1418 494">
     <span class='ocr_line' id='line_1_7' title="bbox 758 453 1418 494; baseline -0.006 -9"><span class='ocrx_word' id='word_1_29' title='bbox 758 453 1048 494; x_wconf 64' lang='lat' dir='ltr'>interrogativum</span> <span class='ocrx_word' id='word_1_30' title='bbox 1077 454 1137 484; x_wconf 82' lang='grc' dir='ltr'><em>τίοι</em></span> <span class='ocrx_word' id='word_1_31' title='bbox 1164 457 1198 485; x_wconf 86' lang='lat' dir='ltr'>et</span> <span class='ocrx_word' id='word_1_32' title='bbox 1223 462 1304 484; x_wconf 82' lang='lat' dir='ltr'>mox</span> <span class='ocrx_word' id='word_1_33' title='bbox 1330 453 1418 482; x_wconf 76' lang='grc' dir='ltr'><em>τίνες</em></span> 
     </span>
    </p>
   </div>
   <div class='ocr_carea' id='block_1_8' title="bbox 63 498 878 542">
    <p class='ocr_par' dir='ltr' id='par_1_8' title="bbox 63 498 878 542">
     <span class='ocr_line' id='line_1_8' title="bbox 63 498 878 542; baseline 0.005 -13"><span class='ocrx_word' id='word_1_34' title='bbox 63 507 125 539; x_wconf 89' lang='lat' dir='ltr'>pro</span> <span class='ocrx_word' id='word_1_35' title='bbox 154 500 244 539; x_wconf 83' lang='lat' dir='ltr'>vulg.</span> <span class='ocrx_word' id='word_1_36' title='bbox 276 498 362 530; x_wconf 74' lang='grc' dir='ltr'><em>τινὲς</em></span> <span class='ocrx_word' id='word_1_37' title='bbox 388 501 621 542; x_wconf 80' lang='lat' dir='ltr'>praebuerunt</span> <span class='ocrx_word' id='word_1_38' title='bbox 648 502 687 533; x_wconf 78' lang='lat' dir='ltr'>A.</span> <span class='ocrx_word' id='word_1_39' title='bbox 713 499 761 531; x_wconf 83' lang='grc' dir='ltr'>Ω.</span> <span class='ocrx_word' id='word_1_40' title='bbox 790 498 818 530; x_wconf 86' lang='grc' dir='ltr'>δ.</span> <span class='ocrx_word' id='word_1_41' title='bbox 846 509 878 533; x_wconf 88' lang='grc' dir='ltr'>ο.</span> 
     </span>
    </p>
   </div>
   <div class='ocr_carea' id='block_1_9' title="bbox 62 611 722 2766">
    <p class='ocr_par' dir='ltr' id='par_1_9' title="bbox 62 611 722 2766">
     <span class='ocr_line' id='line_1_9' title="bbox 64 611 707 653; baseline 0.002 -11"><span class='ocrx_word' id='word_1_42' title='bbox 64 611 272 643; x_wconf 86' lang='lat' dir='ltr'>vocabulum</span> <span class='ocrx_word' id='word_1_43' title='bbox 294 621 469 653; x_wconf 85' lang='lat' dir='ltr'>quamque</span> <span class='ocrx_word' id='word_1_44' title='bbox 486 614 630 644; x_wconf 90' lang='lat' dir='ltr'>multum</span> <span class='ocrx_word' id='word_1_45' title='bbox 648 622 707 643; x_wconf 89' lang='lat' dir='ltr'>co-</span> 
     </span>
     <span class='ocr_line' id='line_1_10' title="bbox 63 657 706 695; baseline 0 -7"><span class='ocrx_word' id='word_1_46' title='bbox 63 657 229 689; x_wconf 84' lang='lat' dir='ltr'>lebratnm</span> <span class='ocrx_word' id='word_1_47' title='bbox 274 658 339 695; x_wconf 81' lang='lat' dir='ltr'>sit,</span> <span class='ocrx_word' id='word_1_48' title='bbox 378 658 411 689; x_wconf 86' lang='lat' dir='ltr'>id</span> <span class='ocrx_word' id='word_1_49' title='bbox 456 668 538 689; x_wconf 68' lang='lat' dir='ltr'>vero</span> <span class='ocrx_word' id='word_1_50' title='bbox 576 658 706 689; x_wconf 87' lang='lat' dir='ltr'>dudum</span> 
     </span>
     <span class='ocr_line' id='line_1_11' title="bbox 63 702 706 744; baseline 0 -10"><span class='ocrx_word' id='word_1_51' title='bbox 63 702 266 735; x_wconf 84' lang='lat' dir='ltr'>doctissime</span> <span class='ocrx_word' id='word_1_52' title='bbox 307 706 473 744; x_wconf 71' lang='lat' dir='ltr'>exposuit</span> <span class='ocrx_word' id='word_1_53' title='bbox 509 705 706 735; x_wconf 85' lang='lat' dir='ltr'>Ancillon</span> 
     </span>
     <span class='ocr_line' id='line_1_12' title="bbox 62 748 708 789; baseline 0 -10"><span class='ocrx_word' id='word_1_54' title='bbox 62 749 94 780; x_wconf 88' lang='lat' dir='ltr'>in</span> <span class='ocrx_word' id='word_1_55' title='bbox 118 749 224 780; x_wconf 84' lang='lat' dir='ltr'>libro:</span> <span class='ocrx_word' id='word_1_56' title='bbox 253 748 605 789; x_wconf 73' lang='lat' dir='ltr'>Abliandlungen</span> <span class='ocrx_word' id='word_1_57' title='bbox 634 748 708 779; x_wconf 82' lang='lat' dir='ltr'>der</span> 
     </span>
     <span class='ocr_line' id='line_1_13' title="bbox 64 794 706 836; baseline 0 -10"><span class='ocrx_word' id='word_1_58' title='bbox 64 795 226 836; x_wconf 57' lang='lat' dir='ltr'>philos</span> <span class='ocrx_word' id='word_1_59' title='bbox 245 794 402 826; x_wconf 86' lang='lat' dir='ltr'>Klasse</span> <span class='ocrx_word' id='word_1_60' title='bbox 417 796 450 826; x_wconf 90' lang='lat' dir='ltr'>d.</span> <span class='ocrx_word' id='word_1_61' title='bbox 470 795 507 826; x_wconf 85' lang='lat' dir='ltr'>K.</span> <span class='ocrx_word' id='word_1_62' title='bbox 528 795 706 827; x_wconf 81' lang='lat' dir='ltr'>Preuss.</span> 
     </span>
     <span class='ocr_line' id='line_1_14' title="bbox 64 839 707 872; baseline -0.003 0"><span class='ocrx_word' id='word_1_63' title='bbox 64 839 203 872; x_wconf 79' lang='lat' dir='ltr'>Akad.</span> <span class='ocrx_word' id='word_1_64' title='bbox 246 839 278 871; x_wconf 93' lang='lat' dir='ltr'>d.</span> <span class='ocrx_word' id='word_1_65' title='bbox 322 839 586 872; x_wconf 76' lang='lat' dir='ltr'>Wissensclr.</span> <span class='ocrx_word' id='word_1_66' title='bbox 628 849 707 872; x_wconf 88' lang='lat' dir='ltr'>aus</span> 
     </span>
     <span class='ocr_line' id='line_1_15' title="bbox 63 884 705 920; baseline 0 -3"><span class='ocrx_word' id='word_1_67' title='bbox 63 886 95 917; x_wconf 91' lang='lat' dir='ltr'>d.</span> <span class='ocrx_word' id='word_1_68' title='bbox 111 887 139 917; x_wconf 95' lang='grc' dir='ltr'>Ι.</span> <span class='ocrx_word' id='word_1_69' title='bbox 168 884 424 920; x_wconf 74' lang='lat'>1804—1811.</span> <span class='ocrx_word' id='word_1_70' title='bbox 460 886 628 918; x_wconf 78' lang='lat' dir='ltr'>Nimirum</span> <span class='ocrx_word' id='word_1_71' title='bbox 649 887 705 918; x_wconf 91' lang='lat' dir='ltr'>alii</span> 
     </span>
     <span class='ocr_line' id='line_1_16' title="bbox 64 931 706 973; baseline 0.002 -10"><span class='ocrx_word' id='word_1_72' title='bbox 64 931 145 964; x_wconf 89' lang='lat' dir='ltr'>illud</span> <span class='ocrx_word' id='word_1_73' title='bbox 174 932 336 963; x_wconf 77' lang='lat' dir='ltr'>dixerunt</span> <span class='ocrx_word' id='word_1_74' title='bbox 356 932 399 964; x_wconf 91' lang='lat' dir='ltr'>de</span> <span class='ocrx_word' id='word_1_75' title='bbox 426 942 481 971; x_wconf 89' lang='lat' dir='ltr'>eo,</span> <span class='ocrx_word' id='word_1_76' title='bbox 509 933 601 973; x_wconf 88' lang='lat' dir='ltr'>qnod</span> <span class='ocrx_word' id='word_1_77' title='bbox 631 931 706 964; x_wconf 85' lang='lat' dir='ltr'>fini</span> 
     </span>
     <span class='ocr_line' id='line_1_17' title="bbox 64 978 707 1020; baseline 0.005 -12"><span class='ocrx_word' id='word_1_78' title='bbox 64 987 141 1009; x_wconf 83' lang='lat' dir='ltr'>suo</span> <span class='ocrx_word' id='word_1_79' title='bbox 167 978 493 1010; x_wconf 83' lang='lat' dir='ltr'>convenienter</span> <span class='ocrx_word' id='word_1_80' title='bbox 520 978 707 1020; x_wconf 83' lang='lat' dir='ltr'>perfice-</span> 
     </span>
     <span class='ocr_line' id='line_1_18' title="bbox 64 1023 710 1065; baseline 0 -10"><span class='ocrx_word' id='word_1_81' title='bbox 64 1027 208 1064; x_wconf 82' lang='lat' dir='ltr'>retur,</span> <span class='ocrx_word' id='word_1_82' title='bbox 248 1023 340 1056; x_wconf 89' lang='lat' dir='ltr'>unde</span> <span class='ocrx_word' id='word_1_83' title='bbox 377 1025 477 1056; x_wconf 89' lang='lat' dir='ltr'>etiam</span> <span class='ocrx_word' id='word_1_84' title='bbox 515 1028 710 1065; x_wconf 88' lang='lat' dir='ltr'>posuerunt</span> 
     </span>
     <span class='ocr_line' id='line_1_19' title="bbox 63 1069 707 1111; baseline 0.002 -10"><span class='ocrx_word' id='word_1_85' title='bbox 63 1070 95 1101; x_wconf 89' lang='lat' dir='ltr'>in</span> <span class='ocrx_word' id='word_1_86' title='bbox 124 1080 184 1110; x_wconf 90' lang='lat' dir='ltr'>e0,</span> <span class='ocrx_word' id='word_1_87' title='bbox 219 1069 311 1109; x_wconf 90' lang='lat' dir='ltr'>quod</span> <span class='ocrx_word' id='word_1_88' title='bbox 345 1070 557 1111; x_wconf 83' lang='lat' dir='ltr'>perfecte</span> <span class='ocrx_word' id='word_1_89' title='bbox 591 1071 707 1110; x_wconf 78' lang='lat' dir='ltr'>tieret3</span> 
     </span>
     <span class='ocr_line' id='line_1_20' title="bbox 63 1116 707 1156; baseline -0.002 -9"><span class='ocrx_word' id='word_1_90' title='bbox 63 1116 120 1147; x_wconf 84' lang='lat' dir='ltr'>alii</span> <span class='ocrx_word' id='word_1_91' title='bbox 148 1117 252 1147; x_wconf 87' lang='lat' dir='ltr'>etiam</span> <span class='ocrx_word' id='word_1_92' title='bbox 280 1117 473 1156; x_wconf 77' lang='lat' dir='ltr'>significare</span> <span class='ocrx_word' id='word_1_93' title='bbox 498 1122 707 1148; x_wconf 68' lang='lat' dir='ltr'>censuerunt</span> 
     </span>
     <span class='ocr_line' id='line_1_21' title="bbox 64 1162 706 1203; baseline -0.002 -9"><span class='ocrx_word' id='word_1_94' title='bbox 64 1171 243 1203; x_wconf 81' lang='lat' dir='ltr'>reapse,</span> <span class='ocrx_word' id='word_1_95' title='bbox 304 1162 357 1193; x_wconf 80' lang='lat' dir='ltr'>vel</span> <span class='ocrx_word' id='word_1_96' title='bbox 413 1162 505 1203; x_wconf 71' lang='lat' dir='ltr'>quod</span> <span class='ocrx_word' id='word_1_97' title='bbox 555 1172 706 1195; x_wconf 82' lang='lat' dir='ltr'>revera</span> 
     </span>
     <span class='ocr_line' id='line_1_22' title="bbox 64 1208 708 1241; baseline -0.002 -1"><span class='ocrx_word' id='word_1_98' title='bbox 64 1208 241 1240; x_wconf 79' lang='lat' dir='ltr'>existeret.</span> <span class='ocrx_word' id='word_1_99' title='bbox 291 1209 342 1238; x_wconf 91' lang='lat' dir='ltr'>At</span> <span class='ocrx_word' id='word_1_100' title='bbox 376 1210 554 1241; x_wconf 87' lang='lat' dir='ltr'>enimvero</span> <span class='ocrx_word' id='word_1_101' title='bbox 585 1212 708 1240; x_wconf 84' lang='lat' dir='ltr'>utcun-</span> 
     </span>
     <span class='ocr_line' id='line_1_23' title="bbox 63 1254 708 1295; baseline -0.002 -11"><span class='ocrx_word' id='word_1_102' title='bbox 63 1264 130 1295; x_wconf 88' lang='lat' dir='ltr'>que</span> <span class='ocrx_word' id='word_1_103' title='bbox 144 1257 343 1295; x_wconf 85' lang='lat' dir='ltr'>usurpatum</span> <span class='ocrx_word' id='word_1_104' title='bbox 370 1259 436 1292; x_wconf 84' lang='lat' dir='ltr'>est,</span> <span class='ocrx_word' id='word_1_105' title='bbox 463 1259 577 1287; x_wconf 80' lang='lat' dir='ltr'>tamen</span> <span class='ocrx_word' id='word_1_106' title='bbox 596 1254 708 1287; x_wconf 74' lang='lat' dir='ltr'>omnis</span> 
     </span>
     <span class='ocr_line' id='line_1_24' title="bbox 65 1300 706 1333; baseline 0 -2"><span class='ocrx_word' id='word_1_107' title='bbox 65 1300 140 1331; x_wconf 88' lang='lat' dir='ltr'>eius</span> <span class='ocrx_word' id='word_1_108' title='bbox 168 1309 250 1330; x_wconf 89' lang='lat' dir='ltr'>usus</span> <span class='ocrx_word' id='word_1_109' title='bbox 278 1300 427 1332; x_wconf 79' lang='lat' dir='ltr'>manavit</span> <span class='ocrx_word' id='word_1_110' title='bbox 458 1301 501 1332; x_wconf 88' lang='lat' dir='ltr'>ab</span> <span class='ocrx_word' id='word_1_111' title='bbox 533 1311 601 1333; x_wconf 91' lang='lat' dir='ltr'>uno</span> <span class='ocrx_word' id='word_1_112' title='bbox 631 1300 706 1332; x_wconf 84' lang='lat' dir='ltr'>Ari-</span> 
     </span>
     <span class='ocr_line' id='line_1_25' title="bbox 65 1346 705 1388; baseline 0 -12"><span class='ocrx_word' id='word_1_113' title='bbox 65 1347 211 1384; x_wconf 83' lang='lat' dir='ltr'>stotele,</span> <span class='ocrx_word' id='word_1_114' title='bbox 246 1350 327 1376; x_wconf 88' lang='lat' dir='ltr'>ante</span> <span class='ocrx_word' id='word_1_115' title='bbox 353 1356 454 1386; x_wconf 84' lang='lat' dir='ltr'>quem</span> <span class='ocrx_word' id='word_1_116' title='bbox 485 1352 605 1378; x_wconf 87' lang='lat' dir='ltr'>nostro</span> <span class='ocrx_word' id='word_1_117' title='bbox 633 1346 705 1388; x_wconf 82' lang='lat' dir='ltr'>qni-</span> 
     </span>
     <span class='ocr_line' id='line_1_26' title="bbox 65 1391 707 1433; baseline 0 -10"><span class='ocrx_word' id='word_1_118' title='bbox 65 1392 142 1423; x_wconf 89' lang='lat' dir='ltr'>dem</span> <span class='ocrx_word' id='word_1_119' title='bbox 180 1391 306 1422; x_wconf 84' lang='lat' dir='ltr'>iudicio</span> <span class='ocrx_word' id='word_1_120' title='bbox 342 1401 444 1424; x_wconf 82' lang='lat' dir='ltr'>nemo</span> <span class='ocrx_word' id='word_1_121' title='bbox 478 1394 611 1432; x_wconf 78' lang='lat' dir='ltr'>extitit,</span> <span class='ocrx_word' id='word_1_122' title='bbox 649 1393 707 1433; x_wconf 84' lang='lat' dir='ltr'>qui</span> 
     </span>
     <span class='ocr_line' id='line_1_27' title="bbox 66 1437 710 1478; baseline 0.002 -9"><span class='ocrx_word' id='word_1_123' title='bbox 66 1448 108 1469; x_wconf 84' lang='lat' dir='ltr'>eo</span> <span class='ocrx_word' id='word_1_124' title='bbox 135 1442 305 1469; x_wconf 87' lang='lat' dir='ltr'>uteretur.</span> <span class='ocrx_word' id='word_1_125' title='bbox 359 1437 393 1469; x_wconf 89' lang='lat' dir='ltr'>ld</span> <span class='ocrx_word' id='word_1_126' title='bbox 420 1439 512 1478; x_wconf 84' lang='lat' dir='ltr'>quod</span> <span class='ocrx_word' id='word_1_127' title='bbox 534 1440 639 1471; x_wconf 89' lang='lat' dir='ltr'>etiarn</span> <span class='ocrx_word' id='word_1_128' title='bbox 668 1449 710 1470; x_wconf 81' lang='lat' dir='ltr'>ex</span> 
     </span>
     <span class='ocr_line' id='line_1_28' title="bbox 65 1483 710 1526; baseline -0.003 -10"><span class='ocrx_word' id='word_1_129' title='bbox 65 1494 109 1516; x_wconf 88' lang='lat' dir='ltr'>eo</span> <span class='ocrx_word' id='word_1_130' title='bbox 136 1484 337 1525; x_wconf 80' lang='lat' dir='ltr'>intelligitur</span> <span class='ocrx_word' id='word_1_131' title='bbox 370 1485 587 1524; x_wconf 82' lang='lat' dir='ltr'>certissime,</span> <span class='ocrx_word' id='word_1_132' title='bbox 616 1483 710 1526; x_wconf 82' lang='lat' dir='ltr'>quod</span> 
     </span>
     <span class='ocr_line' id='line_1_29' title="bbox 66 1529 710 1571; baseline -0.002 -9"><span class='ocrx_word' id='word_1_133' title='bbox 66 1530 192 1571; x_wconf 86' lang='lat' dir='ltr'>quibus</span> <span class='ocrx_word' id='word_1_134' title='bbox 241 1529 326 1562; x_wconf 88' lang='lat' dir='ltr'>locis</span> <span class='ocrx_word' id='word_1_135' title='bbox 378 1535 456 1562; x_wconf 84' lang='lat' dir='ltr'>ante</span> <span class='ocrx_word' id='word_1_136' title='bbox 508 1532 710 1563; x_wconf 86' lang='lat' dir='ltr'>Aristotelis</span> 
     </span>
     <span class='ocr_line' id='line_1_30' title="bbox 67 1576 710 1618; baseline -0.002 -9"><span class='ocrx_word' id='word_1_137' title='bbox 67 1581 225 1618; x_wconf 79' lang='lat' dir='ltr'>tempora</span> <span class='ocrx_word' id='word_1_138' title='bbox 276 1576 418 1616; x_wconf 82' lang='lat' dir='ltr'>reperiri</span> <span class='ocrx_word' id='word_1_139' title='bbox 469 1577 625 1616; x_wconf 80' lang='lat' dir='ltr'>videtur,</span> <span class='ocrx_word' id='word_1_140' title='bbox 669 1577 710 1608; x_wconf 86' lang='lat' dir='ltr'>iis</span> 
     </span>
     <span class='ocr_line' id='line_1_31' title="bbox 65 1622 710 1664; baseline -0.002 -9"><span class='ocrx_word' id='word_1_141' title='bbox 65 1622 225 1654; x_wconf 79' lang='lat' dir='ltr'>omnibus</span> <span class='ocrx_word' id='word_1_142' title='bbox 251 1623 415 1653; x_wconf 85' lang='lat' dir='ltr'>convenit</span> <span class='ocrx_word' id='word_1_143' title='bbox 441 1622 492 1652; x_wconf 76' lang='lat' dir='ltr'>vis</span> <span class='ocrx_word' id='word_1_144' title='bbox 519 1626 553 1653; x_wconf 89' lang='lat' dir='ltr'>et</span> <span class='ocrx_word' id='word_1_145' title='bbox 580 1623 710 1664; x_wconf 78' lang='lat' dir='ltr'>signifi-</span> 
     </span>
     <span class='ocr_line' id='line_1_32' title="bbox 65 1667 706 1709; baseline 0.002 -10"><span class='ocrx_word' id='word_1_146' title='bbox 65 1669 155 1700; x_wconf 81' lang='lat' dir='ltr'>catio</span> <span class='ocrx_word' id='word_1_147' title='bbox 195 1669 337 1699; x_wconf 85' lang='lat' dir='ltr'>alterius</span> <span class='ocrx_word' id='word_1_148' title='bbox 382 1669 563 1707; x_wconf 80' lang='lat' dir='ltr'>vocabuli,</span> <span class='ocrx_word' id='word_1_149' title='bbox 613 1667 706 1709; x_wconf 83' lang='lat' dir='ltr'>quod</span> 
     </span>
     <span class='ocr_line' id='line_1_33' title="bbox 66 1714 708 1755; baseline -0.003 -10"><span class='ocrx_word' id='word_1_150' title='bbox 66 1720 120 1746; x_wconf 85' lang='lat' dir='ltr'>est</span> <span class='ocrx_word' id='word_1_151' title='bbox 152 1714 358 1752; x_wconf 59' lang='lat' dir='ltr'>s’rd‘sh&#39;ffm,</span> <span class='ocrx_word' id='word_1_152' title='bbox 393 1714 571 1755; x_wconf 73' lang='grc' dir='ltr'><em>ἐνδελεχῶς</em></span> <span class='ocrx_word' id='word_1_153' title='bbox 598 1719 629 1746; x_wconf 83' lang='lat' dir='ltr'>et</span> <span class='ocrx_word' id='word_1_154' title='bbox 657 1715 708 1745; x_wconf 77' lang='grc' dir='ltr'>ἒν-</span> 
     </span>
     <span class='ocr_line' id='line_1_34' title="bbox 66 1758 706 1801; baseline 0 -9"><span class='ocrx_word' id='word_1_155' title='bbox 66 1758 217 1801; x_wconf 62' lang='grc' dir='ltr'>ὁελεχιῖς.</span> <span class='ocrx_word' id='word_1_156' title='bbox 252 1759 447 1800; x_wconf 86' lang='lat' dir='ltr'>Atqnehoc</span> <span class='ocrx_word' id='word_1_157' title='bbox 465 1761 574 1801; x_wconf 84' lang='lat' dir='ltr'>ipsum</span> <span class='ocrx_word' id='word_1_158' title='bbox 604 1761 706 1792; x_wconf 84' lang='lat' dir='ltr'>etiarn</span> 
     </span>
     <span class='ocr_line' id='line_1_35' title="bbox 67 1805 708 1838; baseline -0.002 0"><span class='ocrx_word' id='word_1_159' title='bbox 67 1806 111 1838; x_wconf 91' lang='lat' dir='ltr'>de</span> <span class='ocrx_word' id='word_1_160' title='bbox 144 1805 208 1837; x_wconf 80' lang='lat' dir='ltr'>boc</span> <span class='ocrx_word' id='word_1_161' title='bbox 234 1805 396 1837; x_wconf 76' lang='lat' dir='ltr'><strong>Platonis</strong></span> <span class='ocrx_word' id='word_1_162' title='bbox 429 1808 505 1838; x_wconf 90' lang='lat' dir='ltr'>loco</span> <span class='ocrx_word' id='word_1_163' title='bbox 542 1806 587 1837; x_wconf 86' lang='lat' dir='ltr'>ita</span> <span class='ocrx_word' id='word_1_164' title='bbox 623 1806 708 1838; x_wconf 90' lang='lat' dir='ltr'>iudi-</span> 
     </span>
     <span class='ocr_line' id='line_1_36' title="bbox 67 1851 708 1893; baseline -0.002 -8"><span class='ocrx_word' id='word_1_165' title='bbox 67 1852 135 1885; x_wconf 85' lang='lat' dir='ltr'>cari</span> <span class='ocrx_word' id='word_1_166' title='bbox 162 1855 313 1892; x_wconf 85' lang='lat' dir='ltr'>oportet.</span> <span class='ocrx_word' id='word_1_167' title='bbox 364 1852 403 1883; x_wconf 92' lang='lat' dir='ltr'>In</span> <span class='ocrx_word' id='word_1_168' title='bbox 430 1862 499 1893; x_wconf 78' lang='lat' dir='ltr'>quo</span> <span class='ocrx_word' id='word_1_169' title='bbox 519 1851 609 1893; x_wconf 87' lang='lat' dir='ltr'>quod</span> <span class='ocrx_word' id='word_1_170' title='bbox 637 1856 708 1884; x_wconf 85' lang='lat' dir='ltr'>sta-</span> 
     </span>
     <span class='ocr_line' id='line_1_37' title="bbox 68 1898 712 1939; baseline -0.003 -8"><span class='ocrx_word' id='word_1_171' title='bbox 68 1898 193 1936; x_wconf 80' lang='lat' dir='ltr'>tuitur,</span> <span class='ocrx_word' id='word_1_172' title='bbox 248 1907 330 1936; x_wconf 80' lang='lat' dir='ltr'>eos,</span> <span class='ocrx_word' id='word_1_173' title='bbox 391 1899 446 1939; x_wconf 84' lang='lat' dir='ltr'>qni</span> <span class='ocrx_word' id='word_1_174' title='bbox 495 1898 712 1930; x_wconf 74' lang='lat' dir='ltr'>continenter</span> 
     </span>
     <span class='ocr_line' id='line_1_38' title="bbox 69 1943 707 1984; baseline -0.002 -8"><span class='ocrx_word' id='word_1_175' title='bbox 69 1943 230 1976; x_wconf 83' lang='lat' dir='ltr'>mundum</span> <span class='ocrx_word' id='word_1_176' title='bbox 261 1947 398 1983; x_wconf 71' lang='lat' dir='ltr'>regant,</span> <span class='ocrx_word' id='word_1_177' title='bbox 426 1944 514 1975; x_wconf 81' lang='lat' dir='ltr'>inter</span> <span class='ocrx_word' id='word_1_178' title='bbox 539 1945 707 1984; x_wconf 86' lang='lat' dir='ltr'>imperan-</span> 
     </span>
     <span class='ocr_line' id='line_1_39' title="bbox 69 1989 707 2031; baseline -0.002 -9"><span class='ocrx_word' id='word_1_179' title='bbox 69 1995 121 2022; x_wconf 82' lang='lat' dir='ltr'>tes</span> <span class='ocrx_word' id='word_1_180' title='bbox 152 1989 326 2020; x_wconf 87' lang='lat' dir='ltr'>numerari</span> <span class='ocrx_word' id='word_1_181' title='bbox 358 1994 544 2029; x_wconf 79' lang='lat' dir='ltr'>oportere,</span> <span class='ocrx_word' id='word_1_182' title='bbox 579 1990 609 2021; x_wconf 85' lang='lat' dir='ltr'>id</span> <span class='ocrx_word' id='word_1_183' title='bbox 646 2000 707 2031; x_wconf 92' lang='lat' dir='ltr'>po-</span> 
     </span>
     <span class='ocr_line' id='line_1_40' title="bbox 68 2035 711 2076; baseline 0.002 -9"><span class='ocrx_word' id='word_1_184' title='bbox 68 2036 163 2067; x_wconf 88' lang='lat' dir='ltr'>nitur</span> <span class='ocrx_word' id='word_1_185' title='bbox 191 2035 513 2067; x_wconf 74' lang='lat' dir='ltr'>convenientissime</span> <span class='ocrx_word' id='word_1_186' title='bbox 533 2037 711 2076; x_wconf 77' lang='lat' dir='ltr'>proximae</span> 
     </span>
     <span class='ocr_line' id='line_1_41' title="bbox 70 2081 712 2123; baseline 0 -10"><span class='ocrx_word' id='word_1_187' title='bbox 70 2081 318 2123; x_wconf 76' lang='lat' dir='ltr'>disputationi,</span> <span class='ocrx_word' id='word_1_188' title='bbox 352 2092 415 2122; x_wconf 84' lang='lat' dir='ltr'>qua</span> <span class='ocrx_word' id='word_1_189' title='bbox 448 2082 481 2113; x_wconf 87' lang='lat' dir='ltr'>id</span> <span class='ocrx_word' id='word_1_190' title='bbox 508 2082 639 2123; x_wconf 82' lang='lat' dir='ltr'>agitur,</span> <span class='ocrx_word' id='word_1_191' title='bbox 675 2085 712 2113; x_wconf 91' lang='lat' dir='ltr'>ut</span> 
     </span>
     <span class='ocr_line' id='line_1_42' title="bbox 71 2127 710 2169; baseline -0.002 -9"><span class='ocrx_word' id='word_1_192' title='bbox 71 2128 165 2160; x_wconf 87' lang='lat' dir='ltr'>Deos</span> <span class='ocrx_word' id='word_1_193' title='bbox 199 2127 369 2158; x_wconf 86' lang='lat' dir='ltr'>doceatur</span> <span class='ocrx_word' id='word_1_194' title='bbox 400 2138 468 2159; x_wconf 79' lang='lat' dir='ltr'>non</span> <span class='ocrx_word' id='word_1_195' title='bbox 512 2139 617 2169; x_wconf 81' lang='lat' dir='ltr'>posse</span> <span class='ocrx_word' id='word_1_196' title='bbox 651 2127 710 2159; x_wconf 75' lang='lat' dir='ltr'>ho-</span> 
     </span>
     <span class='ocr_line' id='line_1_43' title="bbox 69 2173 713 2215; baseline -0.003 -9"><span class='ocrx_word' id='word_1_197' title='bbox 69 2174 196 2206; x_wconf 90' lang='lat' dir='ltr'>minum</span> <span class='ocrx_word' id='word_1_198' title='bbox 226 2173 387 2215; x_wconf 87' lang='lat' dir='ltr'>precibus</span> <span class='ocrx_word' id='word_1_199' title='bbox 413 2185 452 2204; x_wconf 82' lang='lat' dir='ltr'>ac</span> <span class='ocrx_word' id='word_1_200' title='bbox 475 2174 713 2215; x_wconf 78' lang='lat' dir='ltr'>largitionibus</span> 
     </span>
     <span class='ocr_line' id='line_1_44' title="bbox 69 2218 713 2258; baseline -0.002 -6"><span class='ocrx_word' id='word_1_201' title='bbox 69 2219 216 2258; x_wconf 84' lang='lat' dir='ltr'>moveri,</span> <span class='ocrx_word' id='word_1_202' title='bbox 243 2223 282 2249; x_wconf 92' lang='lat' dir='ltr'>ut</span> <span class='ocrx_word' id='word_1_203' title='bbox 305 2218 473 2252; x_wconf 85' lang='lat' dir='ltr'>derelicto</span> <span class='ocrx_word' id='word_1_204' title='bbox 490 2230 634 2252; x_wconf 88' lang='lat' dir='ltr'>munere</span> <span class='ocrx_word' id='word_1_205' title='bbox 651 2230 713 2251; x_wconf 89' lang='lat' dir='ltr'>suo</span> 
     </span>
     <span class='ocr_line' id='line_1_45' title="bbox 70 2265 714 2299; baseline -0.002 -1"><span class='ocrx_word' id='word_1_206' title='bbox 70 2265 112 2298; x_wconf 86' lang='lat' dir='ltr'>ad</span> <span class='ocrx_word' id='word_1_207' title='bbox 147 2265 346 2297; x_wconf 79' lang='lat' dir='ltr'>mortalium</span> <span class='ocrx_word' id='word_1_208' title='bbox 382 2267 596 2298; x_wconf 85' lang='lat' dir='ltr'>voluntatem</span> <span class='ocrx_word' id='word_1_209' title='bbox 633 2276 714 2299; x_wconf 87' lang='lat' dir='ltr'>sese</span> 
     </span>
     <span class='ocr_line' id='line_1_46' title="bbox 72 2311 714 2353; baseline 0 -10"><span class='ocrx_word' id='word_1_210' title='bbox 72 2311 350 2344; x_wconf 79' lang='lat' dir='ltr'>accommodent.</span> <span class='ocrx_word' id='word_1_211' title='bbox 407 2311 498 2345; x_wconf 82' lang='lat' dir='ltr'>Quid</span> <span class='ocrx_word' id='word_1_212' title='bbox 531 2311 625 2353; x_wconf 86' lang='lat' dir='ltr'>quod</span> <span class='ocrx_word' id='word_1_213' title='bbox 662 2313 714 2343; x_wconf 81' lang='grc' dir='ltr'>ἒν-</span> 
     </span>
     <span class='ocr_line' id='line_1_47' title="bbox 71 2357 714 2399; baseline 0.002 -10"><span class='ocrx_word' id='word_1_214' title='bbox 71 2357 230 2397; x_wconf 80' lang='grc' dir='ltr'><em>τελεχῶς,</em></span> <span class='ocrx_word' id='word_1_215' title='bbox 257 2357 284 2387; x_wconf 87' lang='lat' dir='ltr'>si</span> <span class='ocrx_word' id='word_1_216' title='bbox 299 2366 415 2389; x_wconf 84' lang='lat' dir='ltr'>verum</span> <span class='ocrx_word' id='word_1_217' title='bbox 435 2359 644 2399; x_wconf 83' lang='lat' dir='ltr'>quaerimus,</span> <span class='ocrx_word' id='word_1_218' title='bbox 672 2358 714 2389; x_wconf 87' lang='lat' dir='ltr'>ab</span> 
     </span>
     <span class='ocr_line' id='line_1_48' title="bbox 72 2401 715 2443; baseline 0.002 -8"><span class='ocrx_word' id='word_1_219' title='bbox 72 2401 171 2435; x_wconf 87' lang='lat' dir='ltr'>huius</span> <span class='ocrx_word' id='word_1_220' title='bbox 208 2402 274 2436; x_wconf 81' lang='lat' dir='ltr'>loci</span> <span class='ocrx_word' id='word_1_221' title='bbox 306 2404 606 2443; x_wconf 75' lang='lat' dir='ltr'>argumentatione</span> <span class='ocrx_word' id='word_1_222' title='bbox 631 2404 715 2436; x_wconf 88' lang='lat' dir='ltr'>alie-</span> 
     </span>
     <span class='ocr_line' id='line_1_49' title="bbox 72 2447 714 2482; baseline 0.002 -1"><span class='ocrx_word' id='word_1_223' title='bbox 72 2458 152 2481; x_wconf 90' lang='lat' dir='ltr'>num</span> <span class='ocrx_word' id='word_1_224' title='bbox 181 2452 245 2479; x_wconf 78' lang='lat' dir='ltr'>est.</span> <span class='ocrx_word' id='word_1_225' title='bbox 295 2447 380 2480; x_wconf 88' lang='lat' dir='ltr'>Nam</span> <span class='ocrx_word' id='word_1_226' title='bbox 410 2450 580 2481; x_wconf 84' lang='lat' dir='ltr'>siveillud</span> <span class='ocrx_word' id='word_1_227' title='bbox 609 2451 714 2482; x_wconf 88' lang='lat' dir='ltr'>inter-</span> 
     </span>
     <span class='ocr_line' id='line_1_50' title="bbox 74 2495 717 2537; baseline 0.002 -11"><span class='ocrx_word' id='word_1_228' title='bbox 74 2495 218 2537; x_wconf 81' lang='lat' dir='ltr'>preteris</span> <span class='ocrx_word' id='word_1_229' title='bbox 246 2503 425 2533; x_wconf 81' lang='lat' dir='ltr'>revera,</span> <span class='ocrx_word' id='word_1_230' title='bbox 454 2505 635 2537; x_wconf 70' lang='lat' dir='ltr'>reapse,</span> <span class='ocrx_word' id='word_1_231' title='bbox 671 2496 717 2527; x_wconf 87' lang='lat' dir='ltr'>si-</span> 
     </span>
     <span class='ocr_line' id='line_1_51' title="bbox 73 2540 718 2582; baseline 0.005 -12"><span class='ocrx_word' id='word_1_232' title='bbox 73 2551 116 2573; x_wconf 76' lang='lat' dir='ltr'>ve</span> <span class='ocrx_word' id='word_1_233' title='bbox 157 2540 311 2582; x_wconf 55' lang='lat' dir='ltr'>explices</span> <span class='ocrx_word' id='word_1_234' title='bbox 352 2540 433 2571; x_wconf 91' lang='lat' dir='ltr'>fini</span> <span class='ocrx_word' id='word_1_235' title='bbox 479 2542 718 2582; x_wconf 84' lang='lat' dir='ltr'>proposito</span> 
     </span>
     <span class='ocr_line' id='line_1_52' title="bbox 76 2585 718 2625; baseline 0.002 -7"><span class='ocrx_word' id='word_1_236' title='bbox 76 2585 409 2625; x_wconf 71' lang='lat' dir='ltr'>convenienter,</span> <span class='ocrx_word' id='word_1_237' title='bbox 436 2587 508 2618; x_wconf 75' lang='lat' dir='ltr'>sive</span> <span class='ocrx_word' id='word_1_238' title='bbox 537 2588 636 2619; x_wconf 88' lang='lat' dir='ltr'>etiam</span> <span class='ocrx_word' id='word_1_239' title='bbox 665 2598 718 2619; x_wconf 90' lang='lat' dir='ltr'>ra—</span> 
     </span>
     <span class='ocr_line' id='line_1_53' title="bbox 75 2631 717 2674; baseline 0.002 -10"><span class='ocrx_word' id='word_1_240' title='bbox 75 2632 206 2664; x_wconf 78' lang='lat' dir='ltr'>tionem</span> <span class='ocrx_word' id='word_1_241' title='bbox 251 2631 327 2663; x_wconf 81' lang='lat' dir='ltr'>eius</span> <span class='ocrx_word' id='word_1_242' title='bbox 368 2632 512 2674; x_wconf 84' lang='lat' dir='ltr'>propius</span> <span class='ocrx_word' id='word_1_243' title='bbox 543 2633 584 2665; x_wconf 84' lang='lat' dir='ltr'>ad</span> <span class='ocrx_word' id='word_1_244' title='bbox 619 2643 717 2665; x_wconf 87' lang='lat' dir='ltr'>nsum</span> 
     </span>
     <span class='ocr_line' id='line_1_54' title="bbox 77 2678 721 2718; baseline -0.002 -7"><span class='ocrx_word' id='word_1_245' title='bbox 77 2678 320 2711; x_wconf 79' lang='lat' dir='ltr'>Aristotelium</span> <span class='ocrx_word' id='word_1_246' title='bbox 359 2680 600 2718; x_wconf 77' lang='lat' dir='ltr'>revocaveris,</span> <span class='ocrx_word' id='word_1_247' title='bbox 640 2679 721 2711; x_wconf 83' lang='lat' dir='ltr'>nihil</span> 
     </span>
     <span class='ocr_line' id='line_1_55' title="bbox 80 2721 722 2766; baseline 0.002 -9"><span class='ocrx_word' id='word_1_248' title='bbox 80 2727 178 2757; x_wconf 85' lang='lat' dir='ltr'>certe</span> <span class='ocrx_word' id='word_1_249' title='bbox 205 2721 325 2756; x_wconf 84' lang='lat' dir='ltr'>horum</span> <span class='ocrx_word' id='word_1_250' title='bbox 357 2724 508 2757; x_wconf 88' lang='lat' dir='ltr'>omnium</span> <span class='ocrx_word' id='word_1_251' title='bbox 537 2728 602 2765; x_wconf 80' lang='lat' dir='ltr'>est,</span> <span class='ocrx_word' id='word_1_252' title='bbox 629 2724 722 2766; x_wconf 85' lang='lat' dir='ltr'>quod</span> 
     </span>
    </p>
   </div>
   <div class='ocr_carea' id='block_1_10' title="bbox 774 605 1429 2767">
    <p class='ocr_par' dir='ltr' id='par_1_10' title="bbox 774 605 1429 2767">
     <span class='ocr_line' id='line_1_56' title="bbox 776 605 1418 643; baseline -0.009 0"><span class='ocrx_word' id='word_1_253' title='bbox 776 610 925 643; x_wconf 82' lang='lat' dir='ltr'>universi</span> <span class='ocrx_word' id='word_1_254' title='bbox 963 609 1028 641; x_wconf 90' lang='lat' dir='ltr'>loci</span> <span class='ocrx_word' id='word_1_255' title='bbox 1063 607 1255 640; x_wconf 80' lang='lat' dir='ltr'>sententiae</span> <span class='ocrx_word' id='word_1_256' title='bbox 1279 605 1418 638; x_wconf 90' lang='lat' dir='ltr'>omnino</span> 
     </span>
     <span class='ocr_line' id='line_1_57' title="bbox 775 653 1419 689; baseline -0.008 -1"><span class='ocrx_word' id='word_1_257' title='bbox 775 657 967 689; x_wconf 81' lang='lat' dir='ltr'>conveniat.</span> <span class='ocrx_word' id='word_1_258' title='bbox 1019 655 1088 686; x_wconf 84' lang='lat' dir='ltr'>Sed</span> <span class='ocrx_word' id='word_1_259' title='bbox 1111 657 1149 685; x_wconf 90' lang='lat' dir='ltr'>ut</span> <span class='ocrx_word' id='word_1_260' title='bbox 1175 663 1238 684; x_wconf 87' lang='lat' dir='ltr'>una</span> <span class='ocrx_word' id='word_1_261' title='bbox 1266 653 1419 683; x_wconf 71' lang='lat' dir='ltr'>alterave</span> 
     </span>
     <span class='ocr_line' id='line_1_58' title="bbox 775 698 1418 739; baseline -0.008 -6"><span class='ocrx_word' id='word_1_262' title='bbox 775 701 891 734; x_wconf 79' lang='lat' dir='ltr'>harum</span> <span class='ocrx_word' id='word_1_263' title='bbox 920 701 1089 733; x_wconf 77' lang='lat' dir='ltr'>rationum</span> <span class='ocrx_word' id='word_1_264' title='bbox 1110 699 1210 732; x_wconf 83' lang='lat' dir='ltr'>alicui</span> <span class='ocrx_word' id='word_1_265' title='bbox 1239 698 1418 739; x_wconf 75' lang='lat' dir='ltr'>probetur,</span> 
     </span>
     <span class='ocr_line' id='line_1_59' title="bbox 775 746 1418 786; baseline -0.009 -6"><span class='ocrx_word' id='word_1_266' title='bbox 775 753 891 779; x_wconf 79' lang='lat' dir='ltr'>tamen</span> <span class='ocrx_word' id='word_1_267' title='bbox 949 747 1126 786; x_wconf 70' lang='grc' dir='ltr'><em>ἐνδελεχῶς</em></span> <span class='ocrx_word' id='word_1_268' title='bbox 1179 746 1282 785; x_wconf 80' lang='lat' dir='ltr'>longe</span> <span class='ocrx_word' id='word_1_269' title='bbox 1339 753 1418 775; x_wconf 84' lang='lat' dir='ltr'>esse</span> 
     </span>
     <span class='ocr_line' id='line_1_60' title="bbox 774 790 1417 835; baseline -0.008 -10"><span class='ocrx_word' id='word_1_270' title='bbox 774 794 1011 835; x_wconf 82' lang='lat' dir='ltr'>aptissimum,</span> <span class='ocrx_word' id='word_1_271' title='bbox 1039 801 1140 824; x_wconf 86' lang='lat' dir='ltr'>nemo</span> <span class='ocrx_word' id='word_1_272' title='bbox 1167 790 1251 830; x_wconf 88' lang='lat' dir='ltr'>erit,</span> <span class='ocrx_word' id='word_1_273' title='bbox 1278 791 1417 830; x_wconf 80' lang='lat' dir='ltr'>opinor,</span> 
     </span>
     <span class='ocr_line' id='line_1_61' title="bbox 775 839 1417 881; baseline -0.006 -10"><span class='ocrx_word' id='word_1_274' title='bbox 775 841 854 881; x_wconf 77' lang='lat' dir='ltr'>quin</span> <span class='ocrx_word' id='word_1_275' title='bbox 881 844 1006 880; x_wconf 86' lang='lat' dir='ltr'>sponte</span> <span class='ocrx_word' id='word_1_276' title='bbox 1034 839 1216 879; x_wconf 76' lang='lat' dir='ltr'>largiatur3</span> <span class='ocrx_word' id='word_1_277' title='bbox 1243 845 1417 877; x_wconf 85' lang='lat' dir='ltr'>quumque</span> 
     </span>
     <span class='ocr_line' id='line_1_62' title="bbox 777 884 1416 923; baseline -0.006 -7"><span class='ocrx_word' id='word_1_278' title='bbox 777 884 1010 918; x_wconf 87' lang='lat' dir='ltr'>demonstrari</span> <span class='ocrx_word' id='word_1_279' title='bbox 1065 885 1156 915; x_wconf 92' lang='lat' dir='ltr'>nullo</span> <span class='ocrx_word' id='word_1_280' title='bbox 1212 886 1416 923; x_wconf 78' lang='lat' dir='ltr'>argumento</span> 
     </span>
     <span class='ocr_line' id='line_1_63' title="bbox 776 926 1418 974; baseline -0.012 -10"><span class='ocrx_word' id='word_1_281' title='bbox 776 933 901 974; x_wconf 86' lang='lat' dir='ltr'>possit,</span> <span class='ocrx_word' id='word_1_282' title='bbox 927 941 1026 962; x_wconf 86' lang='lat' dir='ltr'>nsum</span> <span class='ocrx_word' id='word_1_283' title='bbox 1045 929 1202 962; x_wconf 79' lang='lat' dir='ltr'>vocabuli</span> <span class='ocrx_word' id='word_1_284' title='bbox 1228 926 1418 967; x_wconf 72' lang='grc' dir='ltr'>ἐιτελεχής,</span> 
     </span>
     <span class='ocr_line' id='line_1_64' title="bbox 774 973 1417 1017; baseline -0.008 -8"><span class='ocrx_word' id='word_1_285' title='bbox 774 979 949 1017; x_wconf 66' lang='grc' dir='ltr'><em>ἐντελεχῶς</em></span> <span class='ocrx_word' id='word_1_286' title='bbox 988 981 1023 1008; x_wconf 90' lang='lat' dir='ltr'>et</span> <span class='ocrx_word' id='word_1_287' title='bbox 1062 975 1247 1013; x_wconf 63' lang='grc' dir='ltr'><em>ἐντελέχεια</em></span> <span class='ocrx_word' id='word_1_288' title='bbox 1278 973 1417 1005; x_wconf 88' lang='lat' dir='ltr'>Platoni</span> 
     </span>
     <span class='ocr_line' id='line_1_65' title="bbox 776 1023 1417 1060; baseline -0.008 -5"><span class='ocrx_word' id='word_1_289' title='bbox 776 1029 897 1056; x_wconf 87' lang='lat' dir='ltr'>notum</span> <span class='ocrx_word' id='word_1_290' title='bbox 931 1023 1054 1057; x_wconf 85' lang='lat' dir='ltr'>fuisse,</span> <span class='ocrx_word' id='word_1_291' title='bbox 1086 1030 1304 1060; x_wconf 86' lang='lat' dir='ltr'>consequens</span> <span class='ocrx_word' id='word_1_292' title='bbox 1338 1029 1417 1051; x_wconf 83' lang='lat' dir='ltr'>esse</span> 
     </span>
     <span class='ocr_line' id='line_1_66' title="bbox 776 1064 1417 1105; baseline -0.008 -4"><span class='ocrx_word' id='word_1_293' title='bbox 776 1071 1001 1105; x_wconf 78' lang='lat' dir='ltr'>arbitramur,</span> <span class='ocrx_word' id='word_1_294' title='bbox 1037 1073 1072 1099; x_wconf 90' lang='lat' dir='ltr'>ut</span> <span class='ocrx_word' id='word_1_295' title='bbox 1098 1068 1150 1099; x_wconf 84' lang='lat' dir='ltr'>vel</span> <span class='ocrx_word' id='word_1_296' title='bbox 1181 1066 1292 1098; x_wconf 72' lang='lat' dir='ltr'>invitis</span> <span class='ocrx_word' id='word_1_297' title='bbox 1319 1064 1417 1097; x_wconf 87' lang='lat' dir='ltr'>codi-</span> 
     </span>
     <span class='ocr_line' id='line_1_67' title="bbox 777 1112 1415 1154; baseline -0.008 -7"><span class='ocrx_word' id='word_1_298' title='bbox 777 1117 872 1147; x_wconf 81' lang='lat' dir='ltr'>cibus</span> <span class='ocrx_word' id='word_1_299' title='bbox 908 1125 989 1147; x_wconf 61' lang='grc' dir='ltr'>ωδε.</span> <span class='ocrx_word' id='word_1_300' title='bbox 1031 1112 1208 1154; x_wconf 70' lang='grc' dir='ltr'><em>ἐνδελεχῶς</em></span> <span class='ocrx_word' id='word_1_301' title='bbox 1246 1112 1415 1151; x_wconf 81' lang='lat' dir='ltr'>retingen-</span> 
     </span>
     <span class='ocr_line' id='line_1_68' title="bbox 777 1158 1416 1200; baseline -0.006 -8"><span class='ocrx_word' id='word_1_302' title='bbox 777 1162 855 1194; x_wconf 86' lang='lat' dir='ltr'>dum</span> <span class='ocrx_word' id='word_1_303' title='bbox 887 1161 1005 1197; x_wconf 82' lang='lat' dir='ltr'>fuerit,</span> <span class='ocrx_word' id='word_1_304' title='bbox 1036 1159 1127 1200; x_wconf 87' lang='lat' dir='ltr'>quod</span> <span class='ocrx_word' id='word_1_305' title='bbox 1157 1158 1286 1199; x_wconf 79' lang='lat' dir='ltr'>placuit</span> <span class='ocrx_word' id='word_1_306' title='bbox 1312 1158 1416 1189; x_wconf 84' lang='lat' dir='ltr'>etiam</span> 
     </span>
     <span class='ocr_line' id='line_1_69' title="bbox 776 1203 1414 1240; baseline -0.011 1"><span class='ocrx_word' id='word_1_307' title='bbox 776 1208 914 1240; x_wconf 86' lang='lat' dir='ltr'>Naekio</span> <span class='ocrx_word' id='word_1_308' title='bbox 940 1206 984 1239; x_wconf 92' lang='lat' dir='ltr'>ad</span> <span class='ocrx_word' id='word_1_309' title='bbox 1013 1205 1209 1238; x_wconf 80' lang='lat' dir='ltr'>Choerilum</span> <span class='ocrx_word' id='word_1_310' title='bbox 1239 1205 1258 1238; x_wconf 87' lang='lat' dir='ltr'>l.</span> <span class='ocrx_word' id='word_1_311' title='bbox 1286 1214 1314 1235; x_wconf 89' lang='lat' dir='ltr'>c.</span> <span class='ocrx_word' id='word_1_312' title='bbox 1339 1203 1414 1235; x_wconf 86' lang='lat' dir='ltr'>Iam</span> 
     </span>
     <span class='ocr_line' id='line_1_70' title="bbox 778 1253 1420 1289; baseline -0.009 -3"><span class='ocrx_word' id='word_1_313' title='bbox 778 1265 860 1287; x_wconf 82' lang='lat' dir='ltr'>vero</span> <span class='ocrx_word' id='word_1_314' title='bbox 893 1253 976 1286; x_wconf 81' lang='lat' dir='ltr'>baec</span> <span class='ocrx_word' id='word_1_315' title='bbox 1010 1253 1036 1283; x_wconf 87' lang='lat' dir='ltr'>si</span> <span class='ocrx_word' id='word_1_316' title='bbox 1068 1261 1148 1283; x_wconf 83' lang='lat' dir='ltr'>vera</span> <span class='ocrx_word' id='word_1_317' title='bbox 1181 1254 1277 1289; x_wconf 87' lang='lat' dir='ltr'>sunt,</span> <span class='ocrx_word' id='word_1_318' title='bbox 1318 1259 1420 1281; x_wconf 90' lang='lat' dir='ltr'>nemo</span> 
     </span>
     <span class='ocr_line' id='line_1_71' title="bbox 778 1295 1420 1333; baseline -0.012 0"><span class='ocrx_word' id='word_1_319' title='bbox 778 1305 874 1333; x_wconf 88' lang='lat' dir='ltr'>certe</span> <span class='ocrx_word' id='word_1_320' title='bbox 906 1297 1225 1331; x_wconf 82' lang='lat' dir='ltr'>Schneiderurn</span> <span class='ocrx_word' id='word_1_321' title='bbox 1267 1295 1420 1328; x_wconf 85' lang='lat' dir='ltr'>morabi-</span> 
     </span>
     <span class='ocr_line' id='line_1_72' title="bbox 778 1341 1419 1384; baseline -0.003 -7"><span class='ocrx_word' id='word_1_322' title='bbox 778 1352 832 1378; x_wconf 87' lang='lat' dir='ltr'>tnr</span> <span class='ocrx_word' id='word_1_323' title='bbox 865 1345 907 1377; x_wconf 86' lang='lat' dir='ltr'>ad</span> <span class='ocrx_word' id='word_1_324' title='bbox 942 1346 1031 1376; x_wconf 87' lang='lat' dir='ltr'>Plat.</span> <span class='ocrx_word' id='word_1_325' title='bbox 1065 1343 1140 1375; x_wconf 89' lang='lat' dir='ltr'>Civ.</span> <span class='ocrx_word' id='word_1_326' title='bbox 1176 1342 1251 1374; x_wconf 88' lang='lat' dir='ltr'>Vll.</span> <span class='ocrx_word' id='word_1_327' title='bbox 1279 1353 1311 1384; x_wconf 92' lang='lat' dir='ltr'>p.</span> <span class='ocrx_word' id='word_1_328' title='bbox 1340 1341 1419 1375; x_wconf 81' lang='grc'><strong>539.</strong></span> 
     </span>
     <span class='ocr_line' id='line_1_73' title="bbox 778 1388 1420 1428; baseline -0.011 -4"><span class='ocrx_word' id='word_1_329' title='bbox 778 1394 818 1424; x_wconf 85' lang='lat' dir='ltr'>i).</span> <span class='ocrx_word' id='word_1_330' title='bbox 847 1396 1079 1428; x_wconf 83' lang='lat' dir='ltr'>statuentem,</span> <span class='ocrx_word' id='word_1_331' title='bbox 1106 1388 1283 1428; x_wconf 70' lang='grc' dir='ltr'><em>ἐντελεχῶς</em></span> <span class='ocrx_word' id='word_1_332' title='bbox 1309 1392 1345 1420; x_wconf 89' lang='lat' dir='ltr'>et</span> <span class='ocrx_word' id='word_1_333' title='bbox 1368 1389 1420 1418; x_wconf 72' lang='grc' dir='ltr'>ἐν·</span> 
     </span>
     <span class='ocr_line' id='line_1_74' title="bbox 778 1434 1421 1478; baseline -0.009 -8"><span class='ocrx_word' id='word_1_334' title='bbox 778 1439 920 1478; x_wconf 69' lang='grc' dir='ltr'><em>δελεχῶς</em></span> <span class='ocrx_word' id='word_1_335' title='bbox 952 1436 1153 1478; x_wconf 86' lang='lat' dir='ltr'>promiscue</span> <span class='ocrx_word' id='word_1_336' title='bbox 1188 1434 1347 1475; x_wconf 81' lang='lat' dir='ltr'>usurpari</span> <span class='ocrx_word' id='word_1_337' title='bbox 1385 1437 1421 1465; x_wconf 85' lang='lat' dir='ltr'>et</span> 
     </span>
     <span class='ocr_line' id='line_1_75' title="bbox 777 1481 1420 1516; baseline -0.006 -1"><span class='ocrx_word' id='word_1_338' title='bbox 777 1484 924 1516; x_wconf 61' lang='lat' dir='ltr'>‹lii-ersis</span> <span class='ocrx_word' id='word_1_339' title='bbox 960 1488 1094 1514; x_wconf 83' lang='lat' dir='ltr'>tanturn</span> <span class='ocrx_word' id='word_1_340' title='bbox 1129 1481 1285 1513; x_wconf 79' lang='lat' dir='ltr'>dialectis</span> <span class='ocrx_word' id='word_1_341' title='bbox 1324 1481 1420 1512; x_wconf 89' lang='lat' dir='ltr'>attri-</span> 
     </span>
     <span class='ocr_line' id='line_1_76' title="bbox 778 1527 1420 1571; baseline -0.006 -9"><span class='ocrx_word' id='word_1_342' title='bbox 778 1530 833 1562; x_wconf 87' lang='lat' dir='ltr'>bui</span> <span class='ocrx_word' id='word_1_343' title='bbox 859 1533 1032 1571; x_wconf 81' lang='lat' dir='ltr'>oportere.</span> <span class='ocrx_word' id='word_1_344' title='bbox 1086 1528 1120 1559; x_wconf 94' lang='lat' dir='ltr'>ln</span> <span class='ocrx_word' id='word_1_345' title='bbox 1146 1537 1214 1568; x_wconf 85' lang='lat' dir='ltr'>quo</span> <span class='ocrx_word' id='word_1_346' title='bbox 1241 1527 1297 1558; x_wconf 83' lang='lat' dir='ltr'>ille</span> <span class='ocrx_word' id='word_1_347' title='bbox 1324 1530 1420 1558; x_wconf 78' lang='lat' dir='ltr'>vete-</span> 
     </span>
     <span class='ocr_line' id='line_1_77' title="bbox 777 1573 1419 1617; baseline -0.003 -10"><span class='ocrx_word' id='word_1_348' title='bbox 777 1586 851 1608; x_wconf 86' lang='lat' dir='ltr'>rum</span> <span class='ocrx_word' id='word_1_349' title='bbox 878 1573 1092 1617; x_wconf 85' lang='lat' dir='ltr'>quorundam</span> <span class='ocrx_word' id='word_1_350' title='bbox 1113 1573 1419 1615; x_wconf 79' lang='lat' dir='ltr'>grammaticorum</span> 
     </span>
     <span class='ocr_line' id='line_1_78' title="bbox 777 1618 1420 1653; baseline -0.006 0"><span class='ocrx_word' id='word_1_351' title='bbox 777 1622 973 1653; x_wconf 83' lang='lat' dir='ltr'>auctoritati</span> <span class='ocrx_word' id='word_1_352' title='bbox 1000 1620 1142 1652; x_wconf 86' lang='lat' dir='ltr'>nimium</span> <span class='ocrx_word' id='word_1_353' title='bbox 1173 1619 1303 1650; x_wconf 89' lang='lat' dir='ltr'>tribuit.</span> <span class='ocrx_word' id='word_1_354' title='bbox 1351 1618 1420 1650; x_wconf 92' lang='lat' dir='ltr'>Ce—</span> 
     </span>
     <span class='ocr_line' id='line_1_79' title="bbox 777 1664 1419 1705; baseline -0.006 -5"><span class='ocrx_word' id='word_1_355' title='bbox 777 1672 887 1700; x_wconf 88' lang='lat' dir='ltr'>terum</span> <span class='ocrx_word' id='word_1_356' title='bbox 918 1666 1112 1699; x_wconf 85' lang='lat' dir='ltr'>mirandum</span> <span class='ocrx_word' id='word_1_357' title='bbox 1141 1674 1206 1696; x_wconf 90' lang='lat' dir='ltr'>non</span> <span class='ocrx_word' id='word_1_358' title='bbox 1232 1669 1302 1702; x_wconf 85' lang='lat' dir='ltr'>est,</span> <span class='ocrx_word' id='word_1_359' title='bbox 1327 1664 1419 1705; x_wconf 88' lang='lat' dir='ltr'>quod</span> 
     </span>
     <span class='ocr_line' id='line_1_80' title="bbox 777 1710 1422 1756; baseline -0.003 -11"><span class='ocrx_word' id='word_1_360' title='bbox 777 1724 940 1756; x_wconf 79' lang='lat' dir='ltr'>germana</span> <span class='ocrx_word' id='word_1_361' title='bbox 975 1712 1129 1744; x_wconf 80' lang='lat' dir='ltr'>Platonis</span> <span class='ocrx_word' id='word_1_362' title='bbox 1163 1711 1333 1752; x_wconf 87' lang='lat' dir='ltr'>scriptura</span> <span class='ocrx_word' id='word_1_363' title='bbox 1360 1710 1422 1743; x_wconf 86' lang='lat' dir='ltr'>de·</span> 
     </span>
     <span class='ocr_line' id='line_1_81' title="bbox 779 1758 1422 1802; baseline -0.005 -11"><span class='ocrx_word' id='word_1_364' title='bbox 779 1760 1015 1802; x_wconf 79' lang='lat' dir='ltr'>pravationem</span> <span class='ocrx_word' id='word_1_365' title='bbox 1050 1758 1247 1789; x_wconf 81' lang='lat' dir='ltr'>criticorum</span> <span class='ocrx_word' id='word_1_366' title='bbox 1275 1761 1422 1798; x_wconf 82' lang='lat' dir='ltr'>experta</span> 
     </span>
     <span class='ocr_line' id='line_1_82' title="bbox 779 1804 1421 1846; baseline -0.005 -9"><span class='ocrx_word' id='word_1_367' title='bbox 779 1811 851 1845; x_wconf 71' lang='lat' dir='ltr'>cst,</span> <span class='ocrx_word' id='word_1_368' title='bbox 879 1804 1160 1846; x_wconf 79' lang='lat' dir='ltr'>quandoquidem</span> <span class='ocrx_word' id='word_1_369' title='bbox 1188 1804 1421 1835; x_wconf 78' lang='lat' dir='ltr'>creberrimus</span> 
     </span>
     <span class='ocr_line' id='line_1_83' title="bbox 777 1850 1420 1890; baseline -0.006 -6"><span class='ocrx_word' id='word_1_370' title='bbox 777 1862 860 1884; x_wconf 89' lang='lat' dir='ltr'>usus</span> <span class='ocrx_word' id='word_1_371' title='bbox 910 1851 1066 1883; x_wconf 67' lang='lat' dir='ltr'>vocabuli</span> <span class='ocrx_word' id='word_1_372' title='bbox 1114 1850 1307 1889; x_wconf 70' lang='grc' dir='ltr'><em>ἐντελεχῶς,</em></span> <span class='ocrx_word' id='word_1_373' title='bbox 1363 1850 1420 1890; x_wconf 84' lang='lat' dir='ltr'>qui</span> 
     </span>
     <span class='ocr_line' id='line_1_84' title="bbox 778 1895 1420 1941; baseline -0.005 -11"><span class='ocrx_word' id='word_1_374' title='bbox 778 1898 973 1941; x_wconf 84' lang='lat' dir='ltr'>posteriore</span> <span class='ocrx_word' id='word_1_375' title='bbox 1000 1901 1160 1938; x_wconf 89' lang='lat' dir='ltr'>tempore</span> <span class='ocrx_word' id='word_1_376' title='bbox 1179 1896 1334 1936; x_wconf 77' lang='lat' dir='ltr'>invaluit,</span> <span class='ocrx_word' id='word_1_377' title='bbox 1361 1895 1420 1927; x_wconf 86' lang='lat' dir='ltr'>de-</span> 
     </span>
     <span class='ocr_line' id='line_1_85' title="bbox 779 1941 1309 1986; baseline -0.009 -10"><span class='ocrx_word' id='word_1_378' title='bbox 779 1943 968 1986; x_wconf 82' lang='lat' dir='ltr'>pravationi</span> <span class='ocrx_word' id='word_1_379' title='bbox 995 1952 1111 1974; x_wconf 79' lang='lat' dir='ltr'>ansam</span> <span class='ocrx_word' id='word_1_380' title='bbox 1141 1941 1309 1982; x_wconf 85' lang='lat' dir='ltr'>praebuit.</span> 
     </span>
     <span class='ocr_line' id='line_1_86' title="bbox 820 1988 1422 2029; baseline -0.005 -8.929"><span class='ocrx_word' id='word_1_381' title='bbox 820 1988 927 2022; x_wconf 65' lang='lat' dir='ltr'>&#39;AM’</span> <span class='ocrx_word' id='word_1_382' title='bbox 982 2000 1060 2029; x_wconf 85' lang='grc' dir='ltr'>αρα</span> <span class='ocrx_word' id='word_1_383' title='bbox 1101 1988 1191 2018; x_wconf 81' lang='grc' dir='ltr'>τίσι</span> <span class='ocrx_word' id='word_1_384' title='bbox 1236 1997 1422 2028; x_wconf 79' lang='grc' dir='ltr'>προςφε-</span> 
     </span>
     <span class='ocr_line' id='line_1_87' title="bbox 780 2032 1419 2076; baseline -0.008 -9"><span class='ocrx_word' id='word_1_385' title='bbox 780 2039 864 2076; x_wconf 83' lang='grc' dir='ltr'><strong><em>ρεῖς</em></strong></span> <span class='ocrx_word' id='word_1_386' title='bbox 912 2034 976 2075; x_wconf 85' lang='grc'>-]</span> <span class='ocrx_word' id='word_1_387' title='bbox 1034 2032 1287 2075; x_wconf 72' lang='lat' dir='ltr'>Refingendum</span> <span class='ocrx_word' id='word_1_388' title='bbox 1338 2032 1419 2065; x_wconf 81' lang='lat' dir='ltr'>suit:</span> 
     </span>
     <span class='ocr_line' id='line_1_88' title="bbox 776 2076 1418 2122; baseline -0.01 -8.913"><span class='ocrx_word' id='word_1_389' title='bbox 776 2080 886 2113; x_wconf 66' lang='lat' dir='ltr'>&#39;&#39;AM</span> <span class='ocrx_word' id='word_1_390' title='bbox 921 2079 943 2111; x_wconf 75' lang='grc' dir='ltr'>οἴ</span> <span class='ocrx_word' id='word_1_391' title='bbox 959 2092 977 2122; x_wconf 79' lang='grc' dir='ltr'>ρ</span> <span class='ocrx_word' id='word_1_392' title='bbox 997 2092 1019 2109; x_wconf 73' lang='grc' dir='ltr'>τι</span> <span class='ocrx_word' id='word_1_393' title='bbox 1045 2080 1132 2111; x_wconf 79' lang='grc' dir='ltr'>τίσι</span> <span class='ocrx_word' id='word_1_394' title='bbox 1159 2090 1215 2121; x_wconf 83' lang='grc' dir='ltr'>πρ.</span> <span class='ocrx_word' id='word_1_395' title='bbox 1260 2079 1311 2110; x_wconf 82' lang='lat' dir='ltr'>De</span> <span class='ocrx_word' id='word_1_396' title='bbox 1343 2076 1418 2108; x_wconf 78' lang='grc' dir='ltr'><em>αλλ’</em></span> 
     </span>
     <span class='ocr_line' id='line_1_89' title="bbox 777 2126 1423 2170; baseline -0.003 -12"><span class='ocrx_word' id='word_1_397' title='bbox 777 2127 847 2170; x_wconf 74' lang='grc' dir='ltr'>ἄρα</span> <span class='ocrx_word' id='word_1_398' title='bbox 883 2131 962 2158; x_wconf 90' lang='lat' dir='ltr'>ante</span> <span class='ocrx_word' id='word_1_399' title='bbox 993 2126 1281 2165; x_wconf 81' lang='lat' dir='ltr'>interrogationes</span> <span class='ocrx_word' id='word_1_400' title='bbox 1319 2133 1423 2156; x_wconf 85' lang='lat' dir='ltr'>usur-</span> 
     </span>
     <span class='ocr_line' id='line_1_90' title="bbox 781 2170 1421 2215; baseline -0.006 -10"><span class='ocrx_word' id='word_1_401' title='bbox 781 2178 863 2215; x_wconf 86' lang='lat' dir='ltr'>pato</span> <span class='ocrx_word' id='word_1_402' title='bbox 890 2185 919 2205; x_wconf 91' lang='lat' dir='ltr'>v</span> <span class='ocrx_word' id='word_1_403' title='bbox 944 2171 986 2204; x_wconf 82' lang='lat' dir='ltr'>ad</span> <span class='ocrx_word' id='word_1_404' title='bbox 1013 2173 1113 2212; x_wconf 73' lang='lat' dir='ltr'>Apol.</span> <span class='ocrx_word' id='word_1_405' title='bbox 1133 2171 1234 2203; x_wconf 82' lang='lat' dir='ltr'>Socr.</span> <span class='ocrx_word' id='word_1_406' title='bbox 1260 2182 1291 2213; x_wconf 89' lang='lat' dir='ltr'>p.</span> <span class='ocrx_word' id='word_1_407' title='bbox 1304 2170 1360 2204; x_wconf 79' lang='lat'>25.</span> <span class='ocrx_word' id='word_1_408' title='bbox 1383 2172 1421 2201; x_wconf 83' lang='grc' dir='ltr'>Α.</span> 
     </span>
     <span class='ocr_line' id='line_1_91' title="bbox 783 2213 1422 2259; baseline -0.008 -8"><span class='ocrx_word' id='word_1_409' title='bbox 783 2221 869 2251; x_wconf 80' lang='lat' dir='ltr'>Dein</span> <span class='ocrx_word' id='word_1_410' title='bbox 907 2217 927 2259; x_wconf 76' lang='grc' dir='ltr'><em>ἢ</em></span> <span class='ocrx_word' id='word_1_411' title='bbox 969 2217 1055 2255; x_wconf 67' lang='lat' dir='ltr'>‘theg</span> <span class='ocrx_word' id='word_1_412' title='bbox 1097 2215 1242 2252; x_wconf 71' lang='lat' dir='ltr'>‘ror&#39;zoac</span> <span class='ocrx_word' id='word_1_413' title='bbox 1280 2221 1352 2248; x_wconf 84' lang='lat' dir='ltr'>est·</span> <span class='ocrx_word' id='word_1_414' title='bbox 1402 2213 1422 2254; x_wconf 75' lang='grc' dir='ltr'><em>ἢ</em></span> 
     </span>
     <span class='ocr_line' id='line_1_92' title="bbox 781 2259 1424 2306; baseline -0.008 -9"><span class='ocrx_word' id='word_1_415' title='bbox 781 2267 871 2299; x_wconf 78' lang='grc' dir='ltr'><em>τίνες</em></span> <span class='ocrx_word' id='word_1_416' title='bbox 906 2267 974 2295; x_wconf 76' lang='grc' dir='ltr'>’τῶν</span> <span class='ocrx_word' id='word_1_417' title='bbox 1007 2259 1186 2306; x_wconf 70' lang='grc' dir='ltr'><em>α’ρχόιῑων</em></span> <span class='ocrx_word' id='word_1_418' title='bbox 1220 2265 1424 2305; x_wconf 75' lang='grc' dir='ltr'><em>προςφερεῑς</em></span> 
     </span>
     <span class='ocr_line' id='line_1_93' title="bbox 781 2307 1422 2347; baseline -0.008 -4"><span class='ocrx_word' id='word_1_419' title='bbox 781 2309 942 2347; x_wconf 75' lang='grc' dir='ltr'>τούτοις,</span> <span class='ocrx_word' id='word_1_420' title='bbox 967 2311 1000 2340; x_wconf 83' lang='lat' dir='ltr'>h.</span> <span class='ocrx_word' id='word_1_421' title='bbox 1025 2320 1054 2341; x_wconf 92' lang='lat' dir='ltr'>e.</span> <span class='ocrx_word' id='word_1_422' title='bbox 1081 2313 1155 2345; x_wconf 76' lang='grc' dir='ltr'><em>τοῖς</em></span> <span class='ocrx_word' id='word_1_423' title='bbox 1180 2310 1292 2345; x_wconf 75' lang='grc' dir='ltr'>θεοῖς.</span> <span class='ocrx_word' id='word_1_424' title='bbox 1343 2307 1422 2346; x_wconf 85' lang='lat' dir='ltr'>Quo</span> 
     </span>
     <span class='ocr_line' id='line_1_94' title="bbox 781 2354 1424 2398; baseline -0.006 -9"><span class='ocrx_word' id='word_1_425' title='bbox 781 2367 850 2389; x_wconf 90' lang='lat' dir='ltr'>non</span> <span class='ocrx_word' id='word_1_426' title='bbox 884 2359 1073 2398; x_wconf 86' lang='lat' dir='ltr'>perspecto</span> <span class='ocrx_word' id='word_1_427' title='bbox 1104 2354 1424 2387; x_wconf 78' lang='lat' dir='ltr'>Winckelman-</span> 
     </span>
     <span class='ocr_line' id='line_1_95' title="bbox 782 2399 1425 2442; baseline -0.008 -7"><span class='ocrx_word' id='word_1_428' title='bbox 782 2413 860 2435; x_wconf 87' lang='lat' dir='ltr'>nus</span> <span class='ocrx_word' id='word_1_429' title='bbox 902 2404 1051 2434; x_wconf 86' lang='lat' dir='ltr'>immane</span> <span class='ocrx_word' id='word_1_430' title='bbox 1090 2399 1260 2442; x_wconf 87' lang='lat' dir='ltr'>quoddam</span> <span class='ocrx_word' id='word_1_431' title='bbox 1306 2403 1425 2441; x_wconf 87' lang='lat' dir='ltr'>protu-</span> 
     </span>
     <span class='ocr_line' id='line_1_96' title="bbox 783 2446 1424 2487; baseline -0.008 -6"><span class='ocrx_word' id='word_1_432' title='bbox 783 2451 820 2481; x_wconf 87' lang='lat' dir='ltr'>lit</span> <span class='ocrx_word' id='word_1_433' title='bbox 856 2449 1080 2480; x_wconf 85' lang='lat' dir='ltr'>coniecturae</span> <span class='ocrx_word' id='word_1_434' title='bbox 1118 2450 1337 2487; x_wconf 87' lang='lat' dir='ltr'>portentum,</span> <span class='ocrx_word' id='word_1_435' title='bbox 1377 2446 1424 2477; x_wconf 88' lang='lat' dir='ltr'>le-</span> 
     </span>
     <span class='ocr_line' id='line_1_97' title="bbox 785 2490 1425 2537; baseline -0.008 -10"><span class='ocrx_word' id='word_1_436' title='bbox 785 2494 936 2537; x_wconf 81' lang='lat' dir='ltr'>gendum</span> <span class='ocrx_word' id='word_1_437' title='bbox 963 2498 1077 2525; x_wconf 82' lang='lat' dir='ltr'>ratus:</span> <span class='ocrx_word' id='word_1_438' title='bbox 1108 2491 1128 2533; x_wconf 78' lang='grc' dir='ltr'><em>ἢ</em></span> <span class='ocrx_word' id='word_1_439' title='bbox 1155 2493 1243 2529; x_wconf 76' lang='grc' dir='ltr'><em>τινες</em></span> <span class='ocrx_word' id='word_1_440' title='bbox 1267 2490 1425 2527; x_wconf 77' lang='grc' dir='ltr'>εἰκόνες</span> 
     </span>
     <span class='ocr_line' id='line_1_98' title="bbox 785 2538 1424 2580; baseline -0.005 -8"><span class='ocrx_word' id='word_1_441' title='bbox 785 2539 943 2577; x_wconf 78' lang='grc' dir='ltr'><em>τούτοις,</em></span> <span class='ocrx_word' id='word_1_442' title='bbox 983 2538 1075 2580; x_wconf 84' lang='lat' dir='ltr'>quod</span> <span class='ocrx_word' id='word_1_443' title='bbox 1116 2540 1216 2580; x_wconf 86' lang='lat' dir='ltr'>plane</span> <span class='ocrx_word' id='word_1_444' title='bbox 1256 2539 1424 2570; x_wconf 81' lang='lat' dir='ltr'>absonum</span> 
     </span>
     <span class='ocr_line' id='line_1_99' title="bbox 787 2583 1429 2623; baseline -0.005 -5"><span class='ocrx_word' id='word_1_445' title='bbox 787 2591 851 2619; x_wconf 76' lang='lat' dir='ltr'>est.</span> <span class='ocrx_word' id='word_1_446' title='bbox 917 2586 1080 2618; x_wconf 81' lang='lat' dir='ltr'>Proxima</span> <span class='ocrx_word' id='word_1_447' title='bbox 1128 2583 1302 2623; x_wconf 70' lang='lat' dir='ltr'>iungenda</span> <span class='ocrx_word' id='word_1_448' title='bbox 1348 2587 1429 2616; x_wconf 87' lang='lat' dir='ltr'>sunt</span> 
     </span>
     <span class='ocr_line' id='line_1_100' title="bbox 788 2627 1426 2672; baseline -0.006 -8"><span class='ocrx_word' id='word_1_449' title='bbox 788 2632 877 2664; x_wconf 78' lang='lat' dir='ltr'>hunc</span> <span class='ocrx_word' id='word_1_450' title='bbox 909 2633 940 2664; x_wconf 82' lang='lat' dir='ltr'>in</span> <span class='ocrx_word' id='word_1_451' title='bbox 975 2632 1137 2664; x_wconf 84' lang='lat' dir='ltr'>modum:</span> <span class='ocrx_word' id='word_1_452' title='bbox 1173 2627 1218 2662; x_wconf 78' lang='grc' dir='ltr'>ὧν</span> <span class='ocrx_word' id='word_1_453' title='bbox 1248 2629 1426 2672; x_wconf 66' lang='grc' dir='ltr'><em>τυγχάνειν</em></span> 
     </span>
     <span class='ocr_line' id='line_1_101' title="bbox 787 2673 1429 2719; baseline -0.005 -10"><span class='ocrx_word' id='word_1_454' title='bbox 787 2677 939 2710; x_wconf 63' lang='grc' dir='ltr'>ὦψαι-τόν</span> <span class='ocrx_word' id='word_1_455' title='bbox 968 2678 1060 2709; x_wconf 72' lang='grc' dir='ltr'><strong><em>ἐστιν</em></strong></span> <span class='ocrx_word' id='word_1_456' title='bbox 1095 2675 1179 2719; x_wconf 76' lang='grc' dir='ltr'><em>ἡμῖν</em></span> <span class='ocrx_word' id='word_1_457' title='bbox 1204 2673 1429 2714; x_wconf 75' lang='grc' dir='ltr'>ἀπεικάζουσι</span> 
     </span>
     <span class='ocr_line' id='line_1_102' title="bbox 788 2721 1428 2767; baseline -0.005 -10"><span class='ocrx_word' id='word_1_458' title='bbox 788 2723 939 2767; x_wconf 76' lang='grc' dir='ltr'>μείζοσιν</span> <span class='ocrx_word' id='word_1_459' title='bbox 962 2721 1168 2764; x_wconf 75' lang='grc' dir='ltr'><em>ἐλάττονας,</em></span> <span class='ocrx_word' id='word_1_460' title='bbox 1201 2732 1310 2766; x_wconf 84' lang='lat' dir='ltr'>quos</span> <span class='ocrx_word' id='word_1_461' title='bbox 1344 2722 1428 2764; x_wconf 84' lang='lat' dir='ltr'>qui-</span> 
     </span>
    </p>
   </div>
  </div>
 </body>
</html>
