1781 2971
366 139 444 178 190

843 138 1215 183 PLATONIS

360 254 442 296 εἴτε
481 259 524 296 ἐν
558 251 754 317 σώμασιν
793 255 986 307 ἐνοῦσαι,
1024 259 1111 309 ζῶα
1148 255 1274 307 ὄντα,
1310 259 1521 312 κοσμοῦσι
1561 258 1708 302 πάντα

360 318 580 374 οὐρανόν,
629 319 712 362 εἴτε
749 317 836 380 ὅπῃ
880 339 922 365 τε
960 328 1031 366 καὶ
1066 322 1208 373 ὅπως;
1257 323 1359 366 ἔσθ’
1400 322 1517 375 ὅςης
1564 327 1707 369 ταῦτα

361 385 594 439 ὁμολογῶν
631 384 840 441 ὑπομενεῖ
874 387 935 442 μὴ
976 391 1098 433 θεῶν
1138 390 1246 433 εἶναι
1286 391 1431 449 πλήρη
1468 393 1642 439 πάντας

465 454 565 496 KA.

359 518 514 570 οὐδεὶς.

460 587 555 629 ΑΘ.

813 647 830 665 Ὺ

638 452 727 496 Οὐκ
774 458 890 497 ἔστιν
945 454 1104 508 οὕτως,
1153 451 1184 499 ὦ
1232 457 1344 511 ξένε,
1400 462 1709 517 παραφρονῶν

635 588 704 641 Τῷ
740 578 833 642 μὲνΙ
859 593 1009 631 τοίνυν
1044 589 1106 643 μὴ
1146 592 1369 645 νομίζοντι
1408 591 1546 641 θεοὺς
1572 597 1618 635 ἐν
1645 595 1705 647 τῷ

358 652 560 708 πρόσθεν
594 653 764 708 χρόνῳ,
801 672 832 696 ω
872 657 1061 708 ,Μέγιλλέ
1099 673 1141 699 τε
1178 660 1249 699 καὶ
1279 660 1473 709 Κλεινία,
1512 659 1706 709 εἰπόντες

358 718 492 774 ὅρους
528 720 941 777 ἀπαλλαττώμεθα.

459 789 559 831 ΚΛ.
640 791 797 837 Τίναςζ

446 914 541 950 ἔσθ’
581 917 699 950 ὅςτις
741 919 872 950 ταῦτα
909 915 1133 959 ὁμολογῶν
1169 914 1382 956 ὑπομενεῖ
1404 920 1466 963 -]
1501 921 1602 952 Libri
1635 917 1703 953 εἶθ’

354 960 462 1000 fisus,
503 966 599 1005 quod
632 964 789 995 Boeckh.
822 965 856 996 in
890 964 978 995 Min.
1012 970 1046 995 et
1086 965 1195 1005 Legg.
1222 975 1255 1005 p.
1285 964 1361 998 172.
1403 967 1602 1007 corrigebat
1635 968 1703 1000 sic:
1755 966 1758 970 ’

352 1005 422 1040 εἶτα
447 1007 548 1042 fisus.
593 1010 776 1042 Bekkerus
803 1016 837 1042 et
862 1011 1076 1042 recentiores
1102 1010 1261 1051 quidam:
1295 1009 1358 1041 εἴτ’
1384 1007 1477 1042 ὅςτις
1503 1023 1528 1043 τ.
1562 1013 1703 1053 Melius,

353 1057 492 1096 opinor,
529 1057 667 1088 Astius:
713 1054 793 1086 ἔσθ’
835 1053 934 1087 ὅςτις.

352 1099 466 1133 ἄλλοις
491 1104 533 1143 (s.
559 1101 672 1145 &moy
699 1103 764 1133 εἴτε
796 1099 863 1142 ὅπῃ
891 1102 944 1134 καὶ
977 1099 1072 1133 ὅπως
1097 1100 1188 1133 ἐστὶν
1216 1099 1234 1133 ὁ
1261 1099 1367 1134 ταῦθ’
1393 1099 1583 1145 ὁμολογῶν.

995 1057 1120 1096 Margo
1152 1056 1231 1087 Vat.
1263 1053 1302 1087 Ω.
1336 1062 1370 1088 et
1403 1057 1500 1089 Flor.
1533 1069 1563 1090 a.
1591 1069 1640 1091 c.:
1667 1057 1704 1090 ἐν

1632 1105 1702 1137 Pro

351 1145 550 1190 ὁμολογῶν,
585 1149 678 1191 quod
711 1149 948 1188 praebuerunt
975 1150 1018 1180 A.
1046 1160 1077 1179 v.
1104 1148 1138 1179 h.
1167 1158 1192 1178 r.
1220 1158 1252 1178 x.
1281 1155 1315 1179 et
1339 1159 1392 1190 pr.
1419 1147 1456 1180 Ω.
1490 1160 1580 1182 corr.
1606 1150 1701 1183 Flor.

352 1192 391 1231 δ.,
420 1196 526 1236 vulgo
554 1196 681 1236 legitur
709 1191 880 1236 ὁμολογεῖ.

928 1194 1019 1226 Dein
1046 1204 1110 1235 pro
1136 1190 1297 1233 ὑπομένει
1323 1206 1400 1227 cum
1426 1197 1528 1228 Astio
1555 1198 1597 1228 de
1619 1207 1696 1229 con-

351 1242 484 1273 iectura
504 1241 675 1283 Stephani
701 1242 905 1282 scripsimus
932 1237 1103 1279 ὑπομενεῖ.
1146 1241 1332 1281 Vulgatum
1356 1246 1472 1273 tuetur
1494 1241 1699 1275 Schneider.

347 1359 480 1385 mentes
506 1354 684 1394 animique
710 1364 829 1385 eorum
866 1363 990 1394 capere

346 1400 561 1431 viderentur.
625 1400 679 1432 De
710 1401 836 1432 ceteris
873 1404 988 1432 autem

345 1447 414 1478 diis
427 1446 655 1488 popularibus
672 1446 765 1488 quod
781 1456 873 1477 nunc
887 1446 989 1488 plane

345 1494 455 1524 tacuit
479 1498 584 1533 atque
608 1493 778 1524 iudicium
804 1503 904 1524 suum
930 1502 988 1523 co·

345 1539 478 1576 hibuit,
515 1539 591 1570 eius
623 1540 674 1570 rei
708 1549 852 1570 caussae
883 1539 986 1570 nobis

343 1586 483 1626 quidem
517 1585 722 1625 neutiquam
755 1586 919 1616 videntur
949 1585 984 1615 in

344 1631 494 1663 obscuro
526 1631 645 1662 latere.
708 1630 798 1662 Nam
836 1632 985 1672 primum

343 1678 485 1717 quidem
504 1676 608 1708 facile
622 1677 801 1718 perspexit
818 1687 886 1708 non
904 1686 985 1718 pos-

343 1733 380 1754 se
406 1723 488 1754 inde
513 1724 624 1763 repet-i
645 1728 852 1763 argumenta
877 1727 911 1754 et
929 1732 984 1754 ra-

341 1770 468 1809 tiones,
495 1769 623 1810 quibus
649 1769 784 1801 civibus
810 1770 882 1801 suis
905 1779 982 1810 per-

342 1816 560 1857 suaderetur,
589 1825 664 1847 esse
690 1815 760 1846 vim
785 1825 982 1855 numenque

340 1862 511 1893 divinum.
586 1861 726 1893 Deinde
773 1861 862 1893 istos
906 1871 982 1893 esse

342 1907 428 1940 deos
464 1908 675 1939 credendum
717 1908 835 1948 potius
878 1917 981 1948 quam

341 1954 560 1994 probandum
597 1954 736 1992 statuit,
778 1964 883 1994 quum
926 1963 981 1985 res

339 2001 466 2032 mentis
499 2000 673 2031 humanae
712 2000 981 2040 intelligentiam

339 2048 525 2079 excederet
547 2056 587 2078 ac
605 2050 800 2087 superaret.
840 2046 894 2077 De
913 2056 982 2086 qua

340 2102 377 2124 re
393 2093 485 2124 Tim.
512 2102 544 2133 p.
560 2091 617 2125 40.
646 2092 688 2123 D.
717 2092 859 2132 scripsit
874 2092 979 2123 haec:

281 2134 291 2146 ’
341 2139 415 2179 περὶ
442 2136 478 2169 δὲ
504 2137 569 2169 τῶν
593 2135 702 2168 ἄλλων
727 2135 901 2176 δαιμόνων
933 2137 978 2169 εἰ·

340 2187 415 2216 πεῖν
441 2185 494 2215 καὶ
524 2183 652 2225 γνῶναι
670 2181 729 2225 τὴν
754 2183 896 2224 γένεσιν,
912 2188 978 2223 μεῖ-

338 2231 399 2271 ζον
435 2227 455 2272 ἢ
490 2226 576 2262 καθ’
612 2226 709 2271 ἡμᾶς.
753 2230 908 2261 πειστέον
944 2228 979 2260 δὲ

338 2280 409 2308 τοῖς
440 2275 618 2319 εἰρηκόσιν
649 2276 848 2316 ἔμπροσθεν
878 2273 976 2317 ἐκγό-

337 2332 413 2355 νοις
435 2323 496 2362 μὲν
520 2322 615 2355 θεῶν
640 2319 754 2359 οὖσιν,
772 2319 819 2354 ὥς
833 2322 975 2362 ἔφασαν,

336 2370 459 2410 σαφῶς
494 2368 531 2400 δέ
567 2380 636 2400 που
672 2367 754 2400 totis
789 2379 827 2409 γε
861 2365 976 2400 αὐτῶν

334 2414 536 2456 προγόνους
559 2413 698 2447 εἰδόσιν.
719 2411 891 2447 ἀδύνατον
909 2410 974 2447 οὖν

333 2461 430 2493 θεῶν
475 2462 593 2493 παισὶν
641 2457 808 2495 ἀπιστεῖν,
855 2463 972 2502 καίπερ

331 2505 414 2538 ἄνευ
447 2519 481 2539 τε
515 2505 658 2539 εἰκότων
692 2508 746 2539 καὶ
777 2505 973 2548 ἀναγκαίων

333 2550 544 2595 ἀποδείξεων
579 2553 754 2595 λέγουσιν,
806 2550 879 2586 ἀλλ’
926 2550 973 2585 ὥς

331 2599 440 2631 οἰκεῖα
499 2597 695 2639 φάσκουσιν
752 2596 972 2641 ἀπαγγέλλειν

330 2645 524 2685 ἑπομένους
556 2647 599 2688 ιῷ
635 2644 727 2688 νόμῳ
762 2646 968 2678 πιστευτέον.

332 2693 490 2733 Denique
510 2694 613 2725 etiam
634 2693 861 2734 popularibus
875 2693 969 2724 hisce

329 2739 398 2771 diis
430 2739 538 2770 multa
577 2739 663 2770 vidit
699 2746 827 2770 temore
863 2739 966 2769 tribui

1058 1360 1091 1385 et
1123 1353 1260 1394 affingi,
1298 1364 1387 1395 quae
1420 1355 1549 1395 corrigi
1582 1356 1699 1397 potius
1738 1350 1746 1354 ’

1056 1405 1162 1440 atque
1197 1399 1392 1440 confutari,
1433 1411 1537 1441 quam
1568 1402 1604 1433 in
1636 1403 1698 1434 tali

1056 1446 1297 1486 disputatione
1337 1449 1603 1479 commemorari
1640 1449 1698 1479 de-

1054 1491 1189 1523 berent.
1255 1493 1334 1524 Etsi
1377 1493 1484 1533 igitur
1524 1503 1584 1525 eos
1626 1503 1697 1525 non

1055 1539 1214 1577 sustulit,
1240 1543 1356 1570 tamen
1379 1539 1550 1580 proximis
1576 1540 1696 1581 dispu-

1057 1585 1251 1616 tationibus
1285 1585 1484 1616 admirabili
1525 1587 1697 1618 sermonis

1053 1631 1216 1662 libertate
1239 1631 1395 1662 nefarios
1430 1631 1570 1663 illorum
1599 1642 1696 1664 erro-

1053 1686 1108 1708 res
1132 1677 1304 1717 coarguit,
1331 1677 1389 1718 qui
1416 1678 1563 1718 indigne
1589 1679 1632 1710 de
1649 1679 1693 1710 iis

1052 1723 1225 1754 sentirent
1248 1728 1282 1754 et
1305 1724 1359 1754 vel
1384 1733 1439 1755 res
1462 1723 1630 1756 humanas
1650 1725 1693 1756 ab

1052 1769 1096 1800 iis
1122 1779 1193 1800 non
1220 1769 1335 1801 curari
1353 1770 1618 1809 contenderent,
1638 1772 1693 1802 vel

1052 1816 1155 1846 donis
1180 1825 1221 1846 ac
1245 1816 1448 1847 muneribus
1468 1826 1589 1848 eorum
1614 1826 1692 1857 gra-

1052 1862 1134 1893 tiam
1154 1871 1195 1892 ac
1216 1861 1373 1892 favorem
1399 1864 1596 1903 comparari
1619 1863 1692 1894 exi-

1048 1908 1242 1940 stimarent.
1295 1906 1468 1939 Nimirum
1501 1909 1588 1940 istos
1617 1910 1691 1950 qui-

1049 1955 1127 1985 dem
1152 1963 1231 1996 „uon
1256 1954 1371 1985 minus
1396 1954 1524 1995 impios
1556 1964 1597 1986 ac
1631 1965 1691 1986 ne-

1049 1996 1161 2032 farios*
1185 2009 1261 2031 esse
1286 2000 1468 2040 iudicavit,
1496 2010 1599 2042 quam
1631 2002 1689 2042 qui

1049 2046 1208 2077 divinam
1241 2050 1401 2077 naturam
1432 2046 1592 2079 funditus
1623 2047 1689 2078 tol-

1048 2092 1160 2124 lerent
1185 2096 1291 2132 atque
1317 2093 1460 2124 deorum
1477 2093 1605 2124 cultum
1624 2103 1687 2134 pro

1048 2148 1085 2169 re
1111 2139 1213 2179 plane
1239 2139 1334 2169 inani
1355 2148 1395 2169 ac
1415 2138 1608 2170 deridicula
1626 2138 1686 2171 ha-

1047 2184 1180 2216 berent.
1209 2182 1371 2215 Ceterum
1386 2184 1595 2216 mirabiliter
1609 2195 1686 2216 cum

1045 2230 1111 2269 iis,
1145 2239 1235 2271 quae
1266 2229 1323 2260 hic
1348 2239 1369 2260 a
1395 2228 1541 2262 Platone
1574 2230 1684 2263 disse-

1044 2282 1187 2314 runtur,
1213 2276 1390 2307 consentit
1416 2274 1617 2308 Stoicorum
1642 2277 1686 2308 de

1042 2323 1108 2354 deo
1134 2322 1309 2362 doctrina,
1334 2326 1373 2353 ut
1398 2322 1457 2353 vix
1472 2322 1684 2363 dubitemus,

1042 2368 1190 2400 fundum
1223 2369 1298 2399 eius
1334 2368 1426 2399 hune
1462 2369 1684 2409 potissimum

1042 2414 1201 2446 Platonis
1225 2415 1340 2445 locum
1367 2413 1488 2446 fuisse.
1535 2413 1626 2446 Nam
1648 2414 1683 2446 hi

1042 2471 1183 2502 quoque
1216 2462 1288 2491 vim=
1328 2465 1548 2501 mentemque
1592 2461 1682 2492 divi-

1042 2517 1120 2538 nam
1146 2511 1314 2547 putarunt
1339 2516 1401 2547 per
1419 2517 1538 2538 omncs
1560 2507 1678 2537 mundi

1040 2560 1157 2594 partos
1192 2563 1268 2584 esse
1304 2552 1466 2584 diffusam
1498 2557 1602 2593 atque
1628 2559 1678 2584 to-

1039 2604 1109 2631 tam
1145 2610 1259 2631 rerum
1299 2604 1458 2630 naturam
1498 2608 1679 2639 permean-

1037 2651 1118 2685 tem,
1144 2646 1235 2677 unde
1260 2646 1363 2677 etiam
1381 2645 1494 2686 ipsum
1511 2644 1678 2675 mundum

1039 2702 1143 2733 saepe
1177 2692 1283 2723 Deum
1316 2691 1497 2727 dixerunt;
1533 2690 1576 2721 ab
1613 2690 1678 2722 hac

1037 2744 1150 2769 autom
1200 2739 1233 2768 vi
1278 2737 1397 2768 ‹lix-ina
1440 2736 1677 2769 distinxerunt
