1781 2971
272 127 350 169 m«)
389 125 660 170 LEGIBUS
697 126 810 169 1.1ss.
846 126 900 169 X.
939 127 982 168 P.
1017 130 1110 171 001.
1146 126 1208 169 St.
1349 127 1423 168 201

78 243 386 299 ἀμελονμενων
425 246 511 286 τῶν
541 245 747 299 σμικρῶν,
789 242 811 296 ἢ
848 245 1057 301 ῥᾳθυμίᾳ
1093 247 1163 287 καὶ
1203 245 1359 303 τρυφῇ,
1397 250 1429 285 εὶ
1478 245 1511 282 (¹

79 316 298 369 διαφέρει,
335 311 356 354 ὁ
399 313 442 353 δὲ
479 309 643 364 ἀμελεῖ,
682 308 706 362 ἣ
745 315 857 354 ἔστιν
894 310 1036 360 ἄλλως
1075 329 1164 361 πως
1200 315 1433 365 γιγνομένη

77 377 282 432 ἀμέλειας
335 378 386 422 οὐ
435 378 520 432 γάρ
571 394 679 427 που,
730 377 841 421 ὅταν
897 396 942 433 γε
993 378 1222 422 ἀδύνατον
1269 370 1294 437 ᾗ
1347 379 1433 418 τῶν

77 443 293 488 ἁπάντων
327 446 652 498 ἐπιμελεῖσθαι,
705 444 802 488 τότε
838 445 1017 500 ἀμέλεια
1055 448 1173 486 ἔσται
1216 445 1302 486 τῶν
1336 459 1431 498 σμι-

78 513 194 565 κρῶν
232 509 255 563 ἢ
293 511 516 566 μεγάλων,
563 512 622 565 μὴ
663 516 1007 566 ἐπιμελουμένῳ,
1044 507 1105 554 ὧν
1142 510 1200 552 ἂν
1249 509 1429 565 δυνάμει

79 576 191 628 θεὸς
230 576 252 630 ἣ
293 577 468 635 φαῦλός
507 593 569 627 τις
606 576 667 620 ὢν
702 579 878 630 ἐλλιπὴς
913 581 983 620 και
1021 578 1081 632 μὴ
1117 576 1307 627 δυνατὸς
1343 583 1432 620 ὲπι-

77 647 310 699 μελεῖσθαι
344 648 560 699 γίγνηται.

183 713 284 754 ΚΛ.
359 713 462 760 Πῶς
498 709 582 765 γάρ
619 710 702 761 ἄν,-

179 776 291 837 Cap.
334 774 414 820 XI.

77 844 104 886 ά
113 861 238 901 ποκρι
248 844 492 887 vdua-mom]
549 848 588 886 οἱ

487 779 586 819 Νῦν
623 778 676 830 δὴ
713 776 779 820 δύ’

647 844 786 895 θεοὺς
839 848 918 899 μὲν
964 843 1213 902 ἀμφότεροι
1270 842 1430 899 ὁμολο·

824 775 948 828 ὄντες
984 779 1124 833 τρισὶν
1162 776 1264 832 ἡμῖν
1305 769 1431 819 οὖσιν

76 914 256 965 γοῦντες
291 911 424 961 εἶναι,
462 912 763 965 παραιτητοὺς
802 914 845 954 δὲ
896 909 1076 967 ἅτερος,
1119 909 1141 954 ὁ
1178 914 1221 953 δὲ
1259 910 1431 965 ἀμελεῖς

79 980 165 1021 τῶν
212 980 417 1034 σμικρῶν.

76 1045 325 1099 γιγνώσκειν
362 1048 431 1087 καὶ
477 1043 591 1100 ὁρᾶν
627 1048 696 1089 καὶ
743 1045 920 1088 ἀκούειν
967 1045 1139 1095 πάντα,

78 1210 243 1232 sonarum
271 1200 473 1232 distributio
502 1201 606 1242 vulgo
633 1199 718 1231 haec
744 1206 811 1231 est:
852 1199 934 1232 ΚΛ.
976 1199 1072 1232 Hora»
1101 1198 1162 1242 655,-

631 1246 847 1278 Mutavimus
879 1252 1071 1288 praeeunte
1095 1246 1260 1278 Bekkero
1286 1247 1431 1279 Eusebii

77 1294 299 1332 auctoritate,
326 1303 388 1325 nec
412 1293 524 1324 invito
551 1292 744 1333 Stephano

77 1257 154 1285 μεν·
193 1245 211 1287 ἢ
247 1244 415 1287 διαφέρον
441 1258 470 1278 κ.
499 1258 523 1277 t.
555 1248 581 1277 λ.

171 1338 209 1370 C.
259 1336 315 1370 ὠν
343 1336 540 1392 ἐλλιπὴς]
567 1337 720 1379 ἑλλειπὴς

474 979 651 1033 πρῶτον
697 983 777 1034 μὲν
830 979 967 1029 θεοὺς
1018 978 1269 1036 ἀμφότεροί
1316 996 1430 1036 φατε

1184 1048 1238 1087 λα
1247 1048 1348 1088 θεῖν
1387 1048 1430 1088 δὲ

1201 1202 1230 1231 Α
1245 1198 1281 1232 Θ.
1319 1200 1430 1243 Λέγο-

746 1340 788 1370 A.
816 1344 851 1369 et
875 1348 926 1380 pr.
960 1337 998 1370 Ω.

168 1380 234 1416 δύ’
270 1397 317 1416 οι
328 1385 414 1439 τες]
452 1382 577 1416 ὅν.τεῖ
605 1385 637 1415 h.
664 1395 695 1418 a.
723 1395 751 1415 o
779 1389 813 1416 et
839 1394 928 1418 corr.
959 1382 997 1415 Ω
1048 1385 1145 1418 Mox.
1174 1395 1212 1416 οι
1241 1383 1277 1416 δὲ
1302 1381 1431 1424 ducier&

79 1441 169 1463 corr
198 1432 241 1463 A.
268 1431 338 1463 Pro
366 1427 496 1471 ἀμελεῖς
522 1430 643 1473 Steph.
670 1431 792 1463 invitis
822 1431 922 1462 codd.
950 1431 1091 1472 scripsit
1116 1427 1258 1470 ᾰμελεῖιη

77 1569 112 1600 εἰ
149 1568 253 1610 quid
292 1569 506 1608 interest,
540 1570 627 1600 iste
663 1573 718 1600 ta-

77 1624 168 1646 men
194 1615 395 1655 negligit.
444 1615 569 1655 Itaque
586 1613 622 1646 δὲ
640 1620 720 1655 post

77 1660 112 1691 εἰ
135 1660 289 1701 διαφέρει
320 1662 442 1692 eodem
475 1661 579 1692 modo
611 1661 718 1692 infer-

78 1714 151 1746 tur,
178 1717 248 1748 quo
273 1707 357 1738 alibi
385 1707 492 1747 solet,
518 1707 546 1738 si
573 1707 657 1748 quid
682 1707 718 1737 in

75 1754 225 1794 upodosi
252 1753 542 1793 praecedentibus
570 1754 719 1794 opponi-

77 1805 144 1830 tur.
185 1798 414 1840 Significatur
432 1800 609 1838 nimirum,
625 1799 719 1840 quod

77 1855 148 1876 non
187 1846 225 1877 in
259 1845 412 1887 aliquem
448 1844 636 1878 convenire
662 1845 719 1876 de-

76 1891 176 1930 beat,
214 1897 331 1922 tamen
364 1892 401 1922 in
431 1892 546 1932 ipsum
581 1892 718 1922 cadere

76 1937 189 1968 Plena
212 1937 322 1977 igitur
346 1937 432 1968 haec
457 1938 563 1969 fuerit
587 1938 719 1968 oratio.

18 2019 22 2023 ,
77 1995 97 2023 η
136 1979 290 2025 ῥᾳθυμίᾳ
332 1983 386 2014 καὶ
420 1983 553 2037 'fflffff’
588 1981 621 2013 εί
649 1981 719 2013 δια-

79 2027 193 2070 φέρει,
222 2026 322 2059 ἄλλος
353 2027 414 2068 μὲν
440 2027 501 2065 οὗ,
534 2026 552 2060 ὁ
579 2027 615 2059 δὲ
640 2022 719 2070 (οὗ-

78 2072 137 2106 τὸς
170 2073 225 2113 δὲ)
262 2070 392 2113 ἀμελεῖ;
424 2087 456 2107 v.
486 2075 720 2108 Hermann.

75 2122 119 2153 ad
147 2119 315 2162 Sophocl.
344 2121 494 2153 Philoct.
536 2132 565 2152 v.
590 2120 635 2154 86
664 2132 717 2162 sq.

77 2171 112 2198 et
134 2167 350 2199 Matthiae
376 2166 438 2199 Gr.
463 2169 495 2208 ξ.
522 2167 600 2201 616.
628 2167 659 2200 3.
687 2179 718 2208 p.

76 2212 176 2247 1469.
200 2213 259 2244 ed.
285 2213 318 2246 3.
346 2214 535 2255 Perperam
569 2212 716 2255 Steph.

79 2255 140 2290 ὅδε
165 2259 320 2291 coniicit.

123 2337 177 2380 μὴ
211 2337 547 2381 ἐπιμελουμένῳ,
584 2331 637 2370 ὧν
671 2336 719 2370 ἄν

77 2383 261 2426 δυνάμει
285 2385 346 2426 -]
382 2385 427 2420 Η,
463 2396 491 2419 e.
529 2383 572 2427 μὴ
605 2384 716 2424 ἐπιμε-

79 2432 232 2474 λουμὲιῳ
260 2429 409 2469 τούιωι,
437 2425 485 2462 ὥι
511 2429 553 2463 ἂι
579 2429 719 2470 δυνάμει

79 2475 212 2519 ἑλλιπης
247 2486 295 2509 τις
319 2474 368 2509 (ἐν
399 2474 558 2519 (aeds-⁷2
545 2474 559 2484 ’
585 2476 721 2517 φαῦλός

80 2532 128 2554 τις
151 2535 198 2555 sc.
225 2521 445 2563 ἅνθρωπος)
474 2524 529 2555 καὶ
553 2525 718 2564 (etiam)

79 2572 233 2611 γίγνηιαι
251 2569 296 2610 μή
313 2568 462 2602 δυνατὸς
477 2569 720 2608 ἐπιμελεῖσθαι,

79 2616 177 2647 dum
203 2627 286 2648 non
311 2620 436 2648 curat
464 2625 718 2658 ea‚quorum

79 2662 296 2694 facultate
326 2663 498 2704 uliquis
530 2663 719 2694 destitu-

56 2707 147 2739 ‘tus
173 2710 302 2742 etiam
328 2709 513 2742 curandi
540 2710 718 2750 negotio

788 1566 871 1588 non
897 1566 974 1597 par
1000 1557 1179 1597 existit,
1207 1558 1300 1589 sive
1325 1557 1432 1589 deus

787 1604 850 1634 sit
887 1603 978 1634 sive
1017 1603 1124 1634 vilis
1165 1604 1356 1645 (impotens
1399 1610 1433 1635 et

787 1648 1004 1689 imbecillus)
1044 1648 1180 1680 homo.
1241 1651 1359 1690 Aegre
1395 1651 1430 1681 iu

787 1694 841 1727 his
861 1695 1100 1727 desideramus
1124 1705 1198 1727 voe.
1227 1692 1430 1737 ἅνθρωπος,

788 1752 882 1793 quod
900 1752 984 1793 quia
999 1762 1061 1793 per
1079 1753 1323 1793 compendium
1345 1750 1430 1784 ἅνος

790 1798 895 1829 scribi
913 1799 1016 1838 solet,
1042 1798 1084 1830 de
1101 1809 1169 1839 quo
1187 1809 1220 1830 v.
1245 1798 1430 1841 Gregor.

791 1844 952 1876 Corinth.
989 1855 1020 1885 p.
1064 1844 1143 1878 634.
1179 1850 1213 1876 et
1253 1844 1333 1878 415.
1376 1847 1430 1878 ed.

790 1889 986 1930 Schaefer.,
1012 1891 1093 1922 vide
1119 1901 1162 1922 ne
1185 1895 1265 1922 ante
1300 1888 1348 1922 ὢν
1372 1902 1431 1923 οΧα

790 1937 927 1967 ciderit.
982 1935 1204 1977 Quamquam
1231 1938 1355 1970 similis
1379 1943 1433 1969 est

789 1983 880 2036 r'atio
908 1982 1094 2016 verborum
1129 1993 1161 2023 p.
1186 1982 1266 2016 903.
1294 1984 1340 2015 A.
1372 1984 1431 2015 ubi

791 2025 900 2070 ἀργὸς
925 2025 946 2070 ἢ
972 2026 1083 2059 δειλός
1099 2037 1147 2059 τις
1164 2034 1245 2069 post
1262 2027 1322 2060 τὸν
1341 2027 1432 2061 θεὸν

790 2075 943 2120 ponitur.
1010 2075 1081 2106 Pro
1119 2073 1161 2116 μὴ
1204 2073 1353 2107 δυνατός
1388 2087 1433 2107 ne

790 2121 868 2162 quis
899 2122 1059 2163 requirat
1089 2117 1261 2153 α’διῐιατος
1293 2123 1347 2154 vel
1389 2118 1432 2153 οὐ

789 2164 951 2204 δυιατός,
986 2167 1141 2209 pertinet
1170 2168 1322 2208 negandi
1352 2179 1429 2210 par-

789 2214 896 2245 ticula
921 2214 966 2246 ad
994 2215 1158 2255 γίγνηται.
1200 2214 1363 2258 Ceterum
1388 2215 1429 2245 li-

789 2264 872 2301 quet
897 2260 952 2292 his
979 2260 1095 2292 verbis
1115 2261 1294 2300 copiosius
1310 2261 1429 2292 iterari

788 2306 882 2345 quod
908 2310 1012 2338 antea
1035 2307 1243 2347 praecessit.
1277 2302 1361 2337 ὅταν
1390 2318 1427 2347 γε

788 2348 961 2383 αδύῖηαῖθῖ
1000 2346 1021 2392 ᾖ
1057 2352 1124 2382 ἴῶν
1161 2348 1321 2384 (inauli-‘11'
1357 2351 1428 2383 ἐπί·

788 2397 974 2436 μελεῖσθαι
1036 2397 1169 2429 Similis
1207 2399 1429 2440 repetitionis

789 2445 950 2484 exempla
975 2448 1056 2475 sunt
1085 2444 1193 2484 Apol.
1219 2444 1318 2477 Socr.
1344 2455 1378 2486 p.
1395 2445 1427 2478 2).

789 2489 828 2521 C.
861 2490 1044 2522 Phaedon.
1075 2501 1109 2531 p.
1136 2490 1190 2524 67.
1223 2492 1263 2522 Ε.
1296 2490 1352 2525 96.
1388 2491 1426 2523 C.

787 2537 999 2577 Euthydem.
1028 2546 1060 2577 p.
1085 2535 1162 2569 285.
1189 2539 1229 2568 A.
1254 2538 1300 2569 al.
1354 2537 1428 2569 Nec

787 2583 888 2614 aliter
901 2583 1031 2620 Latini,
1048 2584 1091 2614 de
1111 2583 1238 2623 quibus
1256 2595 1286 2614 v.
1303 2581 1345 2613 W
1358 2593 1430 2625 op-

789 2629 933 2660 kcnsii
971 2629 1082 2661 Leett.
1120 2628 1212 2660 Tull.
1246 2641 1278 2671 p.
1305 2629 1362 2663 55.
1397 2636 1429 2661 et

789 2677 900 2716 intpp.
927 2676 970 2707 ad
998 2674 1136 2707 Cicer.
1175 2675 1230 2707 De
1260 2675 1303 2710 N.
1330 2675 1374 2707 D.
1403 2676 1429 2707 Ι,

793 2722 845 2761 10,
873 2722 927 2757 25.
957 2721 1025 2753 Pro
1052 2721 1154 2755 Rosc.
1186 2722 1303 2755 Amer.
1319 2721 1352 2761 5,
1376 2721 1426 2756 11
