1781 2971
335 144 414 186 194
810 140 1194 185 PLATONIS

331 260 541 308 ἀνοσίους
562 257 840 319 ἀνθροξπους
865 257 982 312 ὁρῶν
1010 257 1235 309 ἐλθόντας
1260 259 1489 316 γηραιούς,
1522 261 1684 310 παῖδας

218 336 300 375 900
331 327 500 369 παίδων
526 324 858 374 καταλιπόντας
884 331 930 367 ὲν
954 335 1100 380 τιμαῖς
1123 335 1221 377 ταῖς
1245 331 1483 382 μεγίσταις,
1518 326 1684 382 ταράτ-

332 409 392 436 τει
419 391 472 433 τα
501 393 597 434 νῦν·
621 390 734 434 ὅταν
762 396 808 434 ὲν
823 390 964 433 ἅπασι
993 393 1170 443 τούτοις
1189 393 1294 436 ἰδών
1322 391 1347 446 ἢ
1372 392 1419 436 ‹51’
1451 392 1591 445 ἀκοῆς
1613 398 1682 435 αὶ-

332 457 577 512 σθόμενος,
600 456 627 511 ἢ
658 461 730 501 καὶ
764 459 1054 501 παντάπασιν
1077 459 1213 511 αὐτὸς
1241 459 1472 513 αὐτόπτης
1498 476 1683 515 προςτυτ

327 525 418 580 χών
453 527 631 569 πολλῶν
666 524 963 580 ἀσεβημάτων
995 530 1067 568 καὶ
1104 529 1257 569 δεινῶν
1301 532 1544 582 γενομένων
1581 530 1683 581 τισί,

333 593 379 634 δι’
433 590 548 634 αὐτὰ
602 594 745 635 ταῦτα
781 591 891 648 ὁρᾷς
926 597 970 634 ἐκ
1008 595 1200 650 σμικρῶν
1235 598 1295 644 εὶς
1337 595 1604 649 τυραννίδας
1639 610 1683 635 τε

331 662 403 701 καὶ
440 658 492 701 τά
529 663 711 714 μέγιστα
746 657 1057 718 ἀφικομένους,
1094 658 1193 704 τότε
1229 659 1301 703 διὰ
1332 660 1485 704 πάντα
1509 658 1564 703 τὰ
1595 676 1684 703 τοι-

424 784 641 820 ἀνοσίους
677 785 961 831 ἀνθρώπους]
999 784 1167 821 ἀνοσίους
1205 801 1272 822 om.
1298 801 1348 832 pr.
1377 792 1420 822 A.
1454 787 1490 822 Ω.
1518 796 1552 823 et
1583 790 1682 822 codd.

337 834 478 877 quidam
505 834 589 868 Eus,
904 836 914 837 ’

425 880 467 912 Ρ.
490 879 570 913 900.
621 878 812 922 ταράττει
838 880 882 912 τὰ
908 880 1002 912 νῦν·
1032 877 1135 911 ὅταν
1160 879 1204 911 ἐν
1229 879 1374 923 ἅπασι]
1402 882 1502 914 Libri
1526 880 1681 922 ταράττῃ.

333 925 461 957 Totam
486 926 668 966 periodum
695 928 871 968 quomodo
902 926 1163 966 refluxerimus,
1195 928 1288 959 infra
1312 929 1535 960 narravimus
1559 930 1594 959 in
1622 937 1680 959 ex-

331 971 465 1012 plicatt.
503 972 571 1003 Hic
595 972 638 1004 de
663 974 823 1005 codicum
850 974 1025 1014 scriptura
1051 982 1275 1012 exponemus.
1302 975 1428 1015 Itaque
1448 971 1531 1005 ὅταν
1545 974 1588 1005 ab
1608 983 1682 1005 om-

333 1018 434 1049 nibus
468 1017 568 1049 editt.
599 1024 752 1059 spretum
788 1024 821 1050 et
851 1021 1047 1059 neglectum
1078 1024 1158 1058 post
1185 1017 1221 1050 τὰ
1249 1019 1312 1050 νῦν
1336 1030 1379 1051 ex
1407 1020 1494 1051 Ven.
1522 1019 1560 1052 Ξ.
1588 1021 1682 1060 Ang.

332 1073 365 1094 v.
391 1063 486 1095 Flor.
513 1074 544 1095 a.
572 1074 601 1095 c.
627 1070 661 1096 et
685 1075 796 1105 marg.
825 1062 863 1096 Ω.
882 1070 916 1096 et
939 1065 1097 1096 Eusebio
1122 1067 1329 1105 recepimus,
1356 1076 1425 1107 quo
1452 1067 1583 1098 omisso
1607 1075 1683 1106 iger-

331 1109 413 1141 bum
441 1105 526 1152 ὁρᾷς
551 1111 749 1142 non-habet
775 1120 940 1151 quorsum
965 1111 1149 1151 pertineat.
1200 1111 1336 1142 Firmat
1359 1113 1444 1143 illud
1471 1113 1575 1143 etiam
1601 1112 1682 1143 Vat.

332 1154 356 1186 f.
382 1156 443 1196 qui
467 1155 572 1187 habet
598 1153 637 1187 ὅτ
662 1155 708 1188 ἐν.
756 1156 848 1188 Dein
876 1157 1003 1188 Euseb.
1040 1153 1146 1187 αὐτὸς
1177 1152 1292 1188 αὐτῶν
1325 1158 1386 1189 τινὶ
1419 1153 1593 1198 αὐτόπτης
1625 1167 1682 1197 πρ.

332 1200 392 1232 ubi
407 1201 599 1234 Hermann.
625 1199 732 1234 αὐτὸς
756 1203 854 1234 uncis
879 1204 989 1243 sepsit
1005 1208 1044 1232 ut
1067 1207 1266 1243 suspectum
1291 1204 1371 1244 ipsi.
1420 1203 1491 1236 Pro
1517 1202 1683 1242 αἰσθομέ-

287 1259 292 1263 ·
331 1255 393 1279 νος
405 1249 500 1288 Ang.
515 1259 547 1279 r.
562 1253 594 1280 et
607 1258 658 1290 pr.
674 1250 718 1280 A.
738 1245 775 1282 Ω.
789 1259 820 1281 a.
841 1246 1116 1286 αἰσθανόμενος,
1141 1254 1180 1279 ut
1198 1248 1378 1289 Schneid.,
1403 1259 1523 1282 errore
1547 1254 1681 1291 aperto.

330 1353 399 1381 tem
424 1350 579 1381 admisso
605 1351 893 1391 transpositionis
918 1360 973 1381 ar-

331 1396 460 1434 tificio,
494 1397 694 1428 miserando
720 1406 804 1428 sane
830 1397 864 1427 in
892 1397 971 1427 tali·

331 1442 395 1473 bus
410 1443 551 1473 criticae
570 1442 785 1482 fulcimento,
811 1443 970 1482 scripsit:

332 1485 483 1528 ταράττει
507 1486 545 1519 τὰ
570 1487 634 1518 νῦν
651 1486 687 1519 ἑν
705 1485 809 1519 ἅπασι
827 1486 972 1524 τούτοις,

332 1532 416 1565 ὅταν
448 1531 526 1565 ι’δών
561 1530 583 1574 ἢ
614 1529 661 1564 δι’
693 1530 803 1575 ἀκοῆς
832 1546 862 1569 κ,
891 1545 918 1566 τ.
945 1535 971 1565 λ.

330 1581 450 1621 Atque
474 1580 530 1611 his
559 1580 718 1612 ducimur
741 1582 786 1612 ad
811 1581 971 1619 alterum,

331 1627 456 1667 dequo
467 1626 678 1657 monendum
695 1626 972 1658 est.Rectissime

332 1673 423 1704 enim
451 1672 546 1703 istud
561 1670 598 1702 ἐν
613 1669 719 1704 ἅπασι
736 1670 872 1703 τούτοις
895 1683 971 1704 cum

331 1715 353 1758 ἢ
379 1715 462 1749 ἰδών
488 1728 517 1748 κ.
537 1728 562 1748 τ.
580 1718 605 1749 λ.
630 1719 807 1759 iungetur,
822 1720 851 1750 si
867 1719 971 1750 modo

331 1770 426 1796 recte
454 1764 562 1795 fuerit
591 1765 814 1798 intellectum.
851 1764 972 1796 Enim⁷

333 1820 418 1842 vero
459 1811 611 1851 pertinet
648 1811 734 1841 iliud
768 1811 813 1842 ad
845 1806 974 1851 ίδώνῆ

331 1854 601 1894 αἰσθανόμενος,
615 1857 827 1897 poniturque
853 1857 973 1888 eadem

331 1903 491 1941 ratione,
523 1912 591 1943 qua
621 1904 815 1934 celebratur
840 1903 877 1934 in
901 1903 972 1934 for-

331 1949 451 1980 mulis:
477 1948 514 1979 ἔν
539 1959 600 1979 τινι
626 1947 766 1989 δηλοῦν,
793 1945 889 1989 ὁρᾶν,
907 1946 971 1979 δει-

333 1993 474 2034 κνύναι,
505 1994 603 2033 aliis,
643 1995 686 2026 de
716 1994 842 2036 quibus
879 1994 971 2027 conf.

330 2040 435 2073 Polit.
464 2051 497 2081 p.
515 2040 591 2074 262.
609 2039 649 2072 C.
673 2040 750 2074 288.
769 2040 808 2071 Β.
835 2040 972 2072 Phileb.

330 2098 363 2128 p.
397 2087 452 2120 21.
484 2088 528 2117 A.
561 2086 614 2120 17.
649 2087 681 2118 Α
725 2086 784 2117 ubi
816 2096 848 2116 v.
891 2096 971 2118 ann.

331 2132 398 2164 His
436 2132 545 2172 igitur
588 2135 764 2172 utcunque
803 2133 974 2172 expositis

328 2183 437 2210 totam
467 2178 652 2218 periodum
684 2177 819 2210 iuvabit
847 2178 970 2209 reddi-

330 2225 424 2256 disse
450 2224 595 2263 Latine,
619 2225 650 2255 si
675 2223 765 2255 forte
789 2223 865 2255 fieri
889 2234 970 2264 pos-

331 2272 398 2310 sit,
432 2275 470 2301 ut
503 2280 544 2302 ea
576 2270 714 2301 ratione
740 2269 879 2301 tandem
907 2269 970 2301 ali-

332 2317 474 2358 quando
508 2316 748 2348 dubitationes
784 2316 873 2347 istae
905 2315 970 2347 tol-

330 2363 463 2399 lantur,
505 2372 613 2403 quae,
648 2362 806 2402 quamvis
841 2361 970 2392 dudum

332 2414 527 2441 monstrata
560 2418 643 2440 vera
666 2408 970 2449 interpretationis

332 2456 406 2494 via,
432 2460 547 2486 tamen
572 2465 682 2495 nuper
708 2455 812 2486 etiam
828 2453 970 2484 criticos

330 2501 421 2532 male
447 2501 654 2533 habuerunt.
702 2500 769 2532 Est
793 2509 876 2531 vero
892 2509 969 2531 sen-

329 2547 441 2578 tentia
470 2547 656 2578 verborum
696 2551 801 2588 atque
832 2546 968 2586 periodi

293 2599 300 2606 ·
328 2597 506 2624 structura
532 2593 634 2624 haec:
662 2593 726 2624 vel
753 2591 885 2624 etiam
912 2591 967 2622 vi-

328 2639 432 2670 dens
467 2638 667 2671 fortasse
704 2639 858 2680 impios
895 2636 966 2667 ho-

327 2686 462 2716 mines
498 2685 789 2725 grandaevos
827 2683 877 2714 ad
913 2683 964 2714 fi·

327 2741 413 2762 nem
464 2731 744 2771 pervenisse,
794 2729 982 2760 liberos>

1042 1354 1309 1391 nepotesque
1334 1352 1378 1382 in
1407 1352 1589 1383 summis
1614 1351 1682 1382 ho-

1042 1397 1224 1428 noribus
1251 1398 1526 1429 constitutos
1551 1397 1682 1429 relin-
1738 1430 1744 1432 ,

1042 1444 1682 1484 quentes,nuncperturbaris;

1040 1488 1223 1521 scilieet
1259 1490 1300 1520 in
1336 1490 1440 1521 istis
1481 1489 1681 1521 omnibus

1041 1544 1224 1567 cernens
1271 1535 1338 1566 ve]
1385 1536 1540 1567 auditu
1593 1545 1681 1567 sen-

1039 1581 1173 1619 tiens,
1219 1581 1286 1612 vel
1333 1582 1462 1613 etiam
1498 1582 1680 1613 omnino

1041 1626 1114 1657 ubi
1141 1626 1252 1658 forte
1277 1627 1372 1667 ipse
1396 1628 1680 1659 testisinter-

1041 1672 1187 1703 fueris
1214 1673 1475 1714 quibusdam
1504 1683 1554 1705 ex
1579 1673 1680 1705 mul-

1041 1719 1098 1749 tis
1125 1722 1163 1749 et
1188 1720 1413 1758 gravibus,
1439 1729 1544 1760 quas
1571 1729 1679 1751 com-

1041 1765 1284 1804 miserunt,

1043 1810 1216 1851 quando
1267 1811 1407 1850 vides,
1445 1811 1556 1843 illos
1605 1820 1681 1853 per

1042 1856 1116 1887 has
1151 1857 1271 1897 ipsas
1303 1858 1603 1898 (impietates)
1629 1866 1679 1888 ex

1041 1902 1194 1933 humili
1220 1903 1319 1934 loco
1346 1904 1396 1934 ad
1421 1903 1680 1935 dominatio-

1041 1957 1120 1979 nes
1169 1952 1209 1980 et
1250 1950 1434 1980 m‘axima
1480 1957 1680 1991 quaeque

1040 1985 1324 2034 pervenisse3
1367 2000 1451 2027 tum
1491 2006 1590 2027 vero
1630 1995 1679 2026 de

1041 2041 1143 2071 istis
1173 2041 1369 2072 omnibus
1394 2042 1678 2083 perspicuum

1042 2086 1216 2126 quidem
1253 2092 1318 2118 est
1350 2088 1472 2119 nolle
1503 2093 1542 2119 te
1576 2087 1678 2118 deos

1040 2136 1221 2172 propter
1259 2138 1372 2164 tuam
1405 2143 1494 2164 cum
1526 2133 1584 2164 iis
1617 2142 1678 2164 co·

1041 2178 1292 2217 gnationem
1350 2178 1678 2219 reprehendere

1039 2228 1243 2264 tanquam
1293 2225 1481 2256 talium
1532 2234 1677 2256 rerum

1039 2275 1263 2306 auctores.
1311 2271 1385 2301 sed
1423 2271 1678 2302 temeritate

1039 2315 1215 2355 quadam
1245 2315 1372 2347 simul
1398 2322 1440 2348 et
1468 2317 1568 2358 quia
1591 2326 1677 2348 non

1038 2366 1168 2400 potes
1194 2361 1280 2392 diis
1315 2371 1598 2402 succensere,
1631 2363 1676 2395 in

1038 2416 1123 2438 eam
1180 2407 1393 2449 devenisti
1444 2410 1676 2442 cond-itio-

1037 2462 1147 2492 nem,
1191 2459 1236 2485 ut
1274 2464 1368 2485 esse
1404 2455 1576 2495 quidem
1611 2454 1675 2486 dii

1037 2499 1120 2529 tibi
1150 2500 1403 2540 videantur,
1443 2501 1517 2532 sed
1540 2501 1675 2533 iidem

1036 2554 1104 2576 res
1148 2545 1357 2578 humanas
1396 2550 1675 2579 contemnere

1035 2600 1082 2622 ac
1129 2593 1370 2632 negligere.
1438 2591 1602 2624 Ceterum
1644 2593 1674 2624 si

1035 2639 1196 2678 quaeris,
1243 2640 1384 2679 quinam
1421 2637 1568 2676 suerint,
1614 2639 1674 2680 qni

1033 2688 1102 2714 tam
1133 2684 1276 2716 acerbas
1302 2684 1457 2716 fuderint
1493 2685 1536 2716 de
1571 2685 1675 2717 rebus

1035 2730 1193 2762 immanis
1220 2731 1349 2763 iniuste
1373 2740 1391 2762 a
1419 2730 1487 2763 diis
1505 2731 1674 2771 neglectis

1350 1766 1680 1806 impietatibus,
1736 1764 1756 1811 ⁷.

1751 1823 1756 1841 i
