1781 2971
308 157 391 199 DE
426 157 702 201 LEGIBUS
738 158 853 199 ΜΒ.
890 156 971 200 lx.
1006 157 1051 197 Ρ.
1086 157 1179 198 876.
1213 157 1275 200 St.
1401 161 1454 198 95

106 278 204 325 θῶς
253 278 520 318 καθεστῶτα
557 268 582 334 ᾗ
622 281 877 333 τραφέντων
915 291 957 317 τε
995 268 1042 318 εὖ
1080 276 1164 317 τῶν
1208 273 1456 327 μελλόντων

105 341 294 394 δικάζειν
332 344 696 397 δοκιμασθέντων
731 358 775 385 τε
813 342 884 384 ὄιά
924 342 1069 394 πάσης
1104 342 1351 397 ἀκριβείας,
1389 347 1457 383 ἐν·

107 412 264 452 wama
302 407 456 465 ὀρθὸν
491 410 563 451 καὶ
602 413 702 463 ἔχον
738 402 783 451 εὖ
815 412 887 452 καὶ
924 410 1066 458 καλῶς
1104 406 1152 451 τὸ
1192 406 1332 450 πολλὰ
1366 412 1456 450 επι-

107 482 276 532 τρεπειν
311 480 472 532 κρίνειν
511 482 604 524 τοῖς
638 476 862 525 τοιούτοις
899 478 1125 524 δικασταῖς
1163 477 1251 516 τῶν
1289 474 1453 533 ὀφλόν-

104 560 190 585 των
225 547 333 598 πέρι,
374 546 414 584 τί
445 541 529 597 χρη
571 541 754 598 πάσχειν
799 540 968 590 αὐτοὺς
1004 539 1030 592 ἦ
1067 540 1310 583 ἀποτίνειν.
1351 539 1456 596 ἡμῖν

104 610 157 662 δὴ
196 610 250 651 τα
290 610 370 652 νῦν
406 608 680 663 ἀνεμέσητον
717 607 765 652 τὸ
801 606 862 664 μὴ
904 612 1174 661 νομοθετεῖν
1210 607 1365 657 αὐτοῖς
1400 606 1454 650 τά

101 685 284 731 με’γιστα
332 679 405 718 καί
451 678 657 727 πλεῖστα,
708 674 735 717 ἂ
773 678 845 719 καὶ
890 676 1171 733 φαυλοτέρως
1206 670 1264 715 ἄν
1300 690 1457 716 πεπαι-

104 747 302 797 ὄευμένοι
344 745 545 784 δικασταὶ
593 739 805 784 δύναιντο
846 743 1038 783 κατιδεῖν
1075 743 1149 783 καὶ
1185 739 1457 796 προςοέπτειν

103 810 270 863 ἑκάστῳ
309 810 397 850 τῶν
432 806 768 864 ἁμαρτημάτων
803 808 886 861 την
915 806 1045 859 ἀξίαν
1083 809 1163 851 τοῦ
1190 806 1378 857 πάθους
1411 824 1455 850 τε

103 879 175 919 καὶ
211 874 431 931 πράξεως·
467 874 614 926 ἐπειδη
647 877 691 917 δὲ
717 874 782 925 οἷς
822 874 943 930 ἡμεῖς
978 876 1334 929 νομοθετοῦμεν,
1374 873 1455 930 οὐχ

105 943 260 995 ἣκιστα
309 944 502 998 ἐμμελεῖς
543 941 712 992 αὐτοὺς
759 941 940 998 οἰόμεθ’
995 938 1052 983 ἂν
1100 943 1188 984 τῶν
1237 941 1454 984 τοιούτων

102 1012 338 1064 γίγνεσθαι
366 1007 530 1064 κριτάς,
566 1013 851 1064 ἐπιτρεπτέον
877 1008 930 1061 δὴ
959 1006 1011 1051 τὰ
1045 1010 1241 1051 πλεῖστα.
1280 1007 1332 1051 οὐ
1365 1007 1455 1063 μὴν

103 1076 192 1119 ἀλλ’
236 1073 344 1131 ὅπερ
383 1075 595 1125 πολλάκις
631 1076 807 1132 εἴπομέν
844 1094 889 1120 τε
924 1077 996 1119 καὶ
1033 1074 1284 1131 ἐδράσαμεν
1319 1079 1366 1117 ὲν
1402 1077 1453 1135 τῇ

196 1230 385 1272 χαλεπὸν
418 1229 516 1262 τότε
550 1230 714 1272 πάθος]
750 1229 785 1262 τὸ
826 1242 889 1273 pro
917 1229 992 1262 τότε
1024 1240 1136 1271 marg.
1168 1227 1205 1261 Ω.
1236 1240 1266 1262 a.
1296 1230 1382 1261 Mox
1408 1228 1452 1271 μή

107 1277 282 1319 ληφθέντα
308 1279 411 1310 Voss.
438 1288 472 1309 Χ.

197 1323 237 1356 C.
290 1321 332 1355 τὸ
361 1322 488 1355 πολλὰ
514 1323 777 1364 ἐπιτρέπειν]
819 1322 855 1355 τὸ
884 1325 930 1355 A
958 1334 991 1355 Χ.
1020 1329 1053 1355 et
1080 1333 1130 1364 pr.
1162 1320 1453 1355 52.Scribebat11r

106 1370 189 1402 olim
221 1380 298 1401 eum
323 1371 416 1410 vulg.
445 1367 492 1401 τὰ
519 1380 553 1400 π.

198 1413 294 1456 ἡμῖν
322 1414 369 1457 δι’
398 1427 546 1447 1a1v²
573 1412 719 1456 α7]ὁη
749 1416 790 1446 A.
821 1412 857 1445 Ω.
887 1426 916 1445 v
947 1415 1027 1446 fh
1052 1412 1271 1447 ramoso
1300 1423 1332 1443 x.
1362 1413 1452 1444 Vett.

105 1461 202 1493 editt.
231 1459 276 1492 δέ.

105 1607 202 1637 pont.
238 1597 295 1627 ubi
325 1607 355 1627 v.
386 1596 616 1628 Perizon.
656 1598 746 1629 Hinc

105 1644 208 1674 etiam
235 1642 413 1673 Lucian.
449 1644 591 1674 Amorr.
620 1642 674 1677 15.
712 1649 746 1675 et

105 1689 159 1723 36.
222 1687 447 1730 κλεπτομένην
486 1687 600 1720 λαλιάν
642 1695 746 1721 vocat

105 1734 415 1766 clandestinos
469 1736 743 1768 amantium

104 1791 345 1813 sermones.
372 1780 593 1814 Plutarch.
612 1781 741 1814 Timol.

104 1838 136 1868 p.
162 1825 242 1860 244.
273 1826 312 1860 C.
359 1824 474 1870 λάθρα
509 1826 658 1858 κλέπτων
687 1828 741 1860 καὶ

105 1870 318 1914 παρειςάγων
359 1870 418 1914 τὴν
465 1875 662 1914 συμμαχίαν.
707 1886 738 1910 ν.

104 1919 403 1960 Wyttenbaeh.
462 1921 506 1952 ad
560 1921 738 1952 Plutarch.

102 1965 230 1997 Mor.al
264 1976 297 2006 p.
331 1964 409 1998 140.
439 1966 476 1997 D.
505 1977 546 1982 -“
573 1965 652 1999 884.
687 1967 739 1998 ed.

103 2011 169 2043 Ox.
204 2022 237 2052 p.
264 2011 341 2045 183.
372 2011 426 2044 ed.
457 2012 576 2054 Lips.
592 2012 670 2043 Vol.
698 2012 737 2043 ll.

104 2057 306 2088 Pronomen
350 2053 463 2088 αὐτῶν
504 2067 566 2099 per
600 2058 741 2099 synesin

59 2114 63 2116 “
103 2104 268 2144 positum,
295 2104 440 2144 perinde
465 2114 505 2136 ao
531 2104 560 2134 si
591 2103 747 2135 δικασταί

103 2150 284 2181 memorati
318 2149 398 2181 sint.
433 2148 570 2181 Similia
603 2151 671 2182 iam
697 2150 741 2182 ad

104 2195 189 2226 Libr
218 2194 315 2226 VIII.
342 2195 419 2229 828.
445 2196 486 2229 Β.
512 2194 593 2230 829.
616 2196 655 2227 B.
681 2206 741 2228 au-

105 2241 320 2273 notavimus.

151 2282 233 2317 ιῖπό
283 2295 400 2319 τινος
444 2284 634 2330 ἀνάγκης
681 2288 741 2329 λη-

108 2332 286 2373 φθέντα]
310 2343 330 2365 a
355 2335 622 2367 necessitate
647 2345 742 2376 quo-

106 2378 332 2410 dammodo
351 2385 519 2421 captum
539 2391 587 2412 ac
606 2381 744 2412 veluti

106 2425 411 2478 αοῃῃειτὶοιυιῑι.
438 2426 594 2458 Phaedo.
613 2426 743 2469 p.108.

106 2469 146 2501 C.
185 2466 247 2500 ι“·’π
272 2465 422 2512 ἀτᾰγκης
447 2483 585 2514 φερεται
609 2471 659 2504 εἰς
685 2484 744 2503 τ7ν

107 2512 195 2556 αὐτῇ
222 2516 422 2556 πρέπουσαν
450 2519 596 2560 οἴκησιν.

153 2559 174 2591 ὅ
199 2573 231 2594 τι
259 2561 350 2603 περι
377 2562 636 2604 σμικρότατα
662 2563 742 2596 ἐπι-

109 2608 376 2649 τρεπτέον]
410 2611 743 2650 permittendum

107 2654 421 2695 tantummodo,
465 2660 507 2688 ut
549 2667 744 2698 poenas

107 2701 388 2733 constituant
412 2702 457 2733 in
490 2703 676 2735 crimina
703 2706 744 2735 et

107 2745 268 2779 delicta
289 2756 411 2787 qnam
435 2749 741 2782 minutissima.

816 1597 991 1630 Solemnis
1035 1597 1092 1628 hic
1134 1595 1220 1627 ordo
1266 1594 1453 1625 verborum

816 1649 878 1676 est
907 1642 1101 1683 Thucyd.
1134 1642 1191 1674 ΙΙΙ.
1219 1639 1274 1673 46.
1321 1637 1339 1670 ὃ
1366 1651 1393 1670 τι
1419 1650 1454 1670 εν

813 1687 1026 1731 βραχυτάτῳ.
1070 1688 1160 1719 Ibid.
1188 1683 1207 1717 ὅ
1243 1697 1270 1716 τι
1298 1681 1352 1716 ἐπ’
1379 1684 1451 1716 ἑλά-

812 1746 941 1776 χιστοι.
969 1735 1020 1766 Id.
1047 1734 1075 1765 I.
1105 1744 1131 1765 c.
1153 1732 1212 1766 63.
1235 1728 1281 1762 [ὃς
1306 1740 1355 1763 εις
1379 1730 1451 1762 ἐλά-

811 1792 927 1823 χιστον
958 1781 1095 1834 χωρίον.
1154 1779 1248 1810 Dein
1278 1779 1322 1809 ad
1355 1774 1392 1809 τὰ
1419 1775 1454 1807 δὲ

811 1829 944 1859 πλεῖστα
991 1822 1099 1868 αὐτοι
1142 1823 1348 1864 ιομοθετεῖι
1392 1824 1455 1854 int.

811 1873 869 1912 δεῖ,
900 1874 996 1916 quod
1022 1883 1064 1904 ex
1093 1869 1312 1913 ἐπιτρεπτέον
1335 1874 1454 1911 peten-

810 1922 904 1952 dum.
957 1919 1143 1960 Loquendi
1169 1927 1280 1958 genus
1305 1917 1350 1948 ad
1376 1915 1454 1994 CrDi-

809 1972 883 1997 ton.
914 1965 1029 2007 p.51.
1057 1964 1097 1995 C.
1124 1963 1234 2004 Gorg.
1261 1974 1293 2004 p.
1308 1962 1442 1996 492-D

810 1976 935 2053 Rempp
960 2011 1022 2042 IV.
1056 2021 1088 2051 p.
1114 2008 1192 2043 424
1219 2009 1259 2042 B.
1295 2009 1340 2040 al.
1374 2010 1452 2039 atti-

811 2059 935 2099 gimus.
998 2057 1084 2089 Mox
1121 2054 1178 2087 διὰ
1211 2052 1322 2096 πάσης
1358 2050 1451 2094 α’κρι-

811 2104 954 2145 βειαςί.
981 2115 1013 2145 q.
1044 2099 1281 2155 ἀκριβέστατα.

857 2149 896 2181 C.
923 2150 990 2180 καὶ
1017 2149 1116 2189 ἕχον
1141 2159 1186 2179 ευ
1214 2147 1280 2178 καὶ
1305 2145 1451 2188 καλῶς]

811 2195 879 2228 Int
909 2195 1009 2227 ἑστιί.

858 2241 903 2273 D.
955 2242 1025 2273 καὶ
1059 2236 1333 2282 πρυςάπτειν
1364 2235 1453 2268 ἑκά-

814 2297 893 2330 στῳ
916 2286 975 2329 —]
1015 2291 1056 2319 et
1087 2295 1267 2328 quorum
1299 2283 1454 2315 habita

813 2334 989 2365 rationo
1015 2333 1175 2374 cuique
1202 2330 1369 2362 delicto
1395 2333 1452 2361 at-

815 2390 892 2421 que
929 2379 1097 2412 crimini
1133 2377 1311 2418 possint
1356 2385 1453 2416 poe-

814 2436 907 2458 nam
957 2425 1240 2457 constituere
1285 2422 1454 2453 iniuria

813 2477 996 2513 accepta
1025 2476 1155 2511 atque
1187 2469 1359 2502 actione
1390 2468 1453 2518 in-

812 2519 931 2550 iusta
978 2518 1164 2558 dignam.
1236 2514 1374 2547 Etenim
1420 2510 1453 2546 ἁ

813 2565 908 2606 quod
934 2573 976 2595 ex
1005 2561 1246 2604 supeiioribus
1279 2564 1331 2592 est
1356 2569 1454 2600 repe-

813 2611 976 2649 tendum,
1019 2618 1109 2641 nunc
1152 2617 1215 2649 pro
1250 2608 1453 2639 accusativo

812 2656 1014 2688 remotimis
1045 2655 1174 2687 obiecti
1199 2648 1304 2694 (καθ’
1327 2648 1368 2694 ὁὶ)
1398 2661 1454 2683 ae-

813 2702 1012 2744 cipiendum
1038 2705 1103 2742 est,
1129 2705 1167 2732 nt
1188 2699 1319 2741 duplici
1346 2699 1453 2731 ratio-

812 2759 855 2782 ne
881 2749 1034 2790 positum
1060 2749 1115 2780 sit.

1497 611 1537 652 D
