1781 2971
284 109 365 151 DE
400 106 671 151 LEGIBUS
706 105 824 148 LIB.
858 104 917 148 Χ.
954 105 1001 148 Ρ.
1032 106 1127 148 904.
1163 103 1228 148 St.
1348 104 1429 146 211

82 226 215 269 θεσιν
257 223 404 283 ἄπειρ’
442 222 499 268 ὀὲν
534 224 598 278 εἴη
646 226 726 277 τῆς
768 225 1118 280 μετατιθεμένης
1160 219 1430 276 κοσμήσεως·

81 293 163 334 νῦν
201 291 239 335 δ’
283 295 376 336 ἔστι
409 295 659 348 θαυμαστη
692 289 896 348 ῥᾳστώνη
933 291 996 344 τῷ
1026 292 1106 333 τοῦ
1143 288 1313 339 παντὸς
1339 293 1428 332 ἐπι-

79 361 346 414 μελουμένῳ.

188 428 288 470 ΚΛ.
357 426 465 475 Πῶς
502 417 559 466 αὖ
594 426 750 478 λέγεις;

184 495 286 537 ΛΘ.
344 487 465 534 τΩδε.
503 490 648 543 ἐπειδὴ
686 493 884 534 κατεῖδεν
921 489 1045 547 ἡμῶν
1076 489 1100 534 ὁ
1128 489 1331 545 βασιλέος
1358 496 1430 544 ὲμ·

80 557 254 619 ψύχους
293 556 429 608 οὔσας
465 556 548 608 τὰς
588 557 766 614 πράξεις
813 556 992 608 ἁπάσας
1027 562 1100 600 καὶ
1146 556 1317 610 πολλὴν
1350 560 1429 612 μὲν

176 735 213 766 Ρ.
249 733 326 768 904.
387 732 610 775 πλήθεσιν
644 729 788 774 ἄπειρ’
820 731 891 774 ἂν]
958 733 1032 764 Vnt.
1076 731 1114 764 Ω.
1153 734 1429 775 supet-seriptum

82 779 181 812 habet
207 776 326 819 ἄκυρ’,
362 781 455 821 quod
485 784 575 811 toste
606 779 768 811 Bekkero
798 780 899 810 etiam
928 779 958 810 iu
989 779 1063 810 Par.
1094 782 1134 811 A.
1162 785 1334 821 repertum
1366 785 1431 818 est,

81 825 125 857 de
149 836 216 866 quo
244 830 358 857 tamen
388 826 528 857 Baslius
553 825 633 856 nihil
662 825 779 856 refert.

83 876 171 903 runt.

227 871 338 904 Iidem
375 871 417 902 de
452 872 538 903 Astii
571 871 786 902 coniectura:
822 868 860 901 τὰ
893 872 956 913 γῆς
984 882 1017 910 μ.

830 825 928 856 Istud
955 822 1056 866 ἄκυρ’
1081 825 1288 857 'ruric-enses
1314 824 1430 856 edide-

1076 871 1158 903 thiu
1193 869 1431 912 διατιθεμένης

81 919 125 948 Α,
151 927 183 960 v:
206 913 245 948 'et
271 927 320 959 pr.
352 915 390 948 Ω.
418 928 447 949 a.
477 916 505 948 δ.
534 918 703 957 probante
731 916 890 948 Schneid.

167 960 267 994 Ὠδε.
296 961 447 1005 ἑπειδι]
479 962 695 1005 κατεῖδεν]
716 957 796 993 Ὧδε
821 974 884 995 om.
915 962 1094 995 Eusebius.

79 1099 175 1131 nium
191 1100 445 1132 mutationibus
466 1101 502 1131 in
523 1099 654 1131 mundo
668 1109 723 1131 re-

80 1147 197 1187 gendo
228 1147 272 1177 ad
306 1147 463 1177 universi
501 1147 658 1178 rationes
690 1149 724 1177 et

79 1192 229 1224 consilia
261 1193 536 1233 attemperandis
569 1193 721 1224 dissera-

79 1242 154 1278 tur,
189 1240 230 1269 de
256 1249 373 1270 rerum
408 1239 593 1280 principiis
625 1239 721 1270 nullo

79 1285 185 1316 modo
203 1286 388 1325 cogitetur.
422 1286 540 1326 Atque
556 1285 622 1316 hoc
645 1294 723 1316 sen-

79 1331 184 1369 tiens,
212 1332 351 1372 opinor,
376 1330 616 1362 Cornarius
644 1341 724 1372 par-

79 1377 239 1417 ticipium
271 1375 442 1418 ἐμψύχων,
489 1377 724 1417 frigefaci-

81 1433 176 1462 ens,
201 1425 362 1454 revocari
387 1429 549 1464 oportere
565 1423 631 1454 sibi
646 1433 724 1464 per-

80 1470 202 1500 suasit.
250 1468 289 1500 ln
317 1480 385 1510 quo
412 1470 471 1501 ille
486 1479 570 1501 sane
591 1469 725 1511 aliquid

80 1516 182 1554 vidit,
201 1515 311 1555 ipsius
329 1516 490 1547 Platonis
513 1516 724 1556 scripturam

79 1572 150 1593 non
177 1563 316 1601 reperit.
366 1561 442 1593 Nos
470 1563 561 1592 enim
584 1563 613 1593 si
637 1561 725 1603 quid

79 1607 236 1646 iudicare
248 1617 446 1647 possumus,
464 1608 653 1648 legendum
671 1612 724 1639 est

79 1655 196 1695 potius
214 1653 397 1695 ἒμψυχρον,
427 1654 646 1694 frigidum,
673 1654 722 1685 ita.

80 1705 119 1731 ut
149 1700 225 1740 igni
254 1705 420 1740 tanquam
454 1700 626 1732 elemento
660 1710 719 1731 na-

80 1750 161 1777 tura
190 1755 254 1776 sua
278 1746 393 1777 calido
421 1750 453 1777 et
478 1746 627 1778 ferventi
659 1756 721 1787 op-

78 1797 232 1834 ponatur
245 1787 340 1833 ὕδωρ
358 1792 540 1832 ἔμψυχρον,
561 1802 630 1833 quo
650 1802 721 1823 ma.-

81 1839 136 1878 gis
173 1838 308 1869 scilicet
338 1839 495 1870 mutandi
535 1839 722 1870 arbitraria

80 1885 224 1916 licentia
249 1884 472 1924 designetur,
498 1895 588 1925 quae
612 1885 721 1916 totius

81 1930 220 1962 ratione
254 1930 415 1971 neglecta
442 1931 557 1961 locum
582 1931 722 1962 habeat.

83 1976 301 2008 Vocabulum
339 1977 383 2006 ad
420 1977 619 2016 analogiam
657 1976 722 2006 lin-

80 2032 172 2064 guae
201 2022 395 2053 rectissime
426 2022 613 2053 formatum
638 2023 723 2062 legi-

81 2072 139 2100 tur
180 2069 273 2108 apud
310 2068 573 2108 Hippocrat.
616 2068 721 2108 Epid.

81 2124 115 2155 p.
142 2113 245 2147 1190.
268 2113 309 2144 B.
354 2110 372 2144 ὁ
397 2111 725 2155 ἐμψυχρότερος

82 2158 121 2191 ἑν
148 2159 262 2201 ψυχρῇ
287 2155 358 2200 ὥρῃ
394 2160 448 2190 καὶ
479 2158 569 2202 χώρῃ
605 2157 725 2201 ἔνθερ-

82 2203 228 2247 μότερος
253 2205 356 2236 ἔσται.
404 2204 476 2237 Sed
501 2206 668 2247 quoniam
683 2215 723 2237 eo

83 2253 143 2282 vix
181 2253 272 2283 alius
315 2252 497 2293 quisquam
541 2262 624 2284 usus
660 2256 725 2292 est,

84 2298 224 2329 videtur
253 2298 331 2337 ipsa
364 2298 557 2330 insolentia
591 2299 723 2338 impor-

83 2348 204 2374 tunam
229 2342 386 2374 effecisse
414 2354 516 2375 verae
532 2345 725 2384 scripturae

84 2390 325 2426 mutationem.
382 2389 475 2421 Dein
510 2400 575 2431 pro
603 2386 724 2431 καὶμὴ

85 2436 244 2467 Astius
271 2435 313 2466 de
339 2436 542 2467 coniectura
568 2435 725 2468 Corna-

87 2481 142 2512 rii
169 2481 311 2521 scripsit
332 2481 385 2511 καὶ
412 2478 442 2521 ἤ,
469 2482 562 2522 quod
583 2492 728 2513 eurnon

88 2526 272 2558 ferendum
303 2527 366 2563 sit,
400 2537 443 2558 ex
474 2529 630 2559 universi
660 2528 730 2559 loci

89 2572 382 2614 interpretatione
414 2576 518 2605 antea
547 2575 731 2615 proposita

93 2618 225 2650 clarum
249 2629 290 2651 ac
315 2620 539 2660 perspicuum
557 2619 635 2650 fore
653 2630 731 2661 spe-

93 2673 225 2697 ramus.
278 2664 443 2706 Denique
467 2665 572 2697 etiam
595 2671 732 2706 postre-

96 2721 156 2743 ma.
187 2710 312 2743 verba:
351 2709 521 2753 πλήθεσιν
550 2707 658 2753 ἄπειρ’
688 2707 733 2743 ἂν

791 1100 842 1140 εἴη
879 1099 938 1140 τῆς
979 1109 1046 1138 μετ.
1090 1095 1307 1139 κοσμήσεως,
1347 1096 1433 1127 viris

792 1146 906 1177 doctis
968 1145 1168 1185 scrupulum
1226 1144 1433 1175 iniecerunt.

790 1191 882 1223 Nam
914 1192 1066 1222 Astius
1100 1191 1241 1232 quidem
1264 1194 1345 1222 ante
1375 1188 1434 1230 τῆς

791 1237 1054 1278 μετατιθεμένης
1095 1234 1296 1278 κοσμήσεως
1324 1236 1435 1266 inter-

790 1286 910 1325 posuit
936 1281 989 1320 τὰ,
1028 1284 1123 1324 quod
1149 1283 1302 1324 amplexi
1328 1282 1433 1312 etiam

792 1330 1002 1362 Turicenses
1028 1334 1120 1368 sunt,
1146 1330 1205 1371 qui
1231 1327 1435 1370 posthabita

791 1377 961 1408 librorum
991 1377 1167 1416 omnium,
1192 1376 1296 1406 etiam
1320 1374 1434 1405 Euse-

794 1423 860 1461 bii,
909 1423 1120 1454 auctoritate
1167 1418 1212 1452 τὰ
1251 1420 1324 1463 τῆς
1362 1430 1432 1458 μετ.

794 1478 892 1507 κοσμ.
919 1469 1116 1500 ediderunt.
1143 1466 1213 1499 Sed
1230 1467 1267 1498 hi
1291 1466 1430 1508 quidem

791 1515 933 1555 longius
971 1516 1077 1546 etiam
1113 1517 1364 1555 processerunt
1396 1512 1433 1542 in

792 1561 959 1593 mutanda
983 1561 1152 1592 librorum
1178 1560 1345 1597 lectione3
1371 1558 1432 1589 de-

793 1608 919 1638 derunt
941 1608 1032 1638 enim
1053 1617 1116 1647 pro
1140 1603 1247 1646 ἄπειρ’
1267 1606 1373 1637 etiam
1393 1601 1430 1634 ἅ-

791 1648 879 1692 πορ’,
904 1659 942 1684 ut
959 1654 994 1684 in
1013 1654 1148 1694 aliquot
1163 1653 1262 1683 libris
1282 1661 1325 1683 ex
1338 1660 1429 1682 corr.

788 1700 955 1740 scriptum
981 1700 1121 1740 legitur.
1153 1699 1204 1730 At
1218 1698 1318 1729 nobis
1337 1700 1432 1727 certe

790 1747 994 1786 neutiquam
1044 1746 1183 1776 videtur
1228 1743 1432 1776 necessaria

788 1802 864 1824 esse
891 1792 1078 1823 verborum
1102 1791 1262 1822 mutatio.
1309 1789 1431 1820 Enim-

789 1848 872 1869 vero
899 1838 993 1869 istud
1020 1834 1135 1878 ἄπορα
1164 1837 1306 1878 quidem
1330 1835 1428 1866 nullo

788 1885 895 1915 modo
926 1884 1106 1915 ferendum
1131 1889 1193 1914 est.
1242 1881 1334 1914 Nam
1360 1881 1430 1922 pri-

788 1927 884 1961 mum
930 1931 962 1961 ei
1012 1930 1221 1961 adversatur
1274 1929 1430 1959 vicinum

792 1974 971 2016 πλήθεσιν.
1033 1975 1173 2006 Deinde
1213 1974 1318 2005 etiam
1353 1974 1432 2014 ipsa

791 2023 986 2053 sententiae
1004 2022 1095 2052 ratio
1111 2022 1141 2052 ei
1162 2020 1274 2052 officit
1287 2029 1430 2060 magno-

791 2077 892 2108 pere,
926 2067 1211 2108 quandoquidem
1243 2076 1336 2097 nunc
1361 2074 1433 2096 non

793 2116 835 2145 de
860 2110 990 2156 ἀπορίᾳ
1014 2114 1132 2155 aliqua
1156 2113 1296 2144 illarum
1320 2116 1432 2143 muta-

791 2161 928 2191 tionum
963 2160 1100 2200 agitur,
1136 2159 1198 2191 sed
1232 2159 1350 2200 potius
1389 2157 1432 2188 de

794 2206 1012 2246 difficultate,
1038 2216 1141 2247 quam
1166 2205 1336 2236 immensa
1360 2213 1434 2234 mu-

793 2253 967 2284 tationum
1002 2252 1104 2292 eopia
1137 2251 1286 2282 allatura
1311 2250 1370 2292 sit,
1406 2249 1437 2280 si

792 2299 829 2330 in
865 2299 910 2329 iis
940 2298 1112 2329 faciendis
1144 2307 1218 2328 non
1241 2299 1435 2336 reputetur,

794 2354 895 2385 quem
925 2344 1078 2385 quidque
1106 2344 1222 2373 locum
1258 2342 1295 2372 in
1320 2351 1435 2372 rerum

794 2391 1022 2421 universitate
1043 2394 1161 2420 tenere
1179 2388 1315 2419 debeat.
1366 2388 1436 2417 Ar-

794 2437 902 2467 ticulo
932 2433 970 2466 τά
987 2445 1070 2466 vero
1098 2444 1167 2465 uon
1188 2434 1437 2474 indigebimus,

797 2482 856 2513 ubi
874 2482 981 2513 verba
1001 2481 1277 2511 intellexerimus
1297 2480 1364 2510 sic:
1391 2489 1436 2510 so

798 2527 942 2559 wflrde
982 2537 1025 2558 es
1067 2532 1196 2557 etwas
1241 2535 1292 2558 an
1328 2524 1438 2556 Zahl

798 2575 883 2605 und
927 2573 1086 2612 Menge
1131 2570 1437 2603 Unendliches

799 2630 881 2651 von
907 2617 1226 2659 Veranderung
1249 2617 1333 2648 und
1349 2615 1439 2648 Um-

800 2665 990 2705 bildung
1021 2664 1168 2705 geben.
1225 2664 1373 2696 Theaet.
1404 2674 1437 2706 p.

800 2711 879 2747 175,
905 2713 950 2743 A.
975 2707 1086 2742 ἄτοπα
1117 2705 1212 2753 αὐτῷ
1235 2711 1438 2751 καταφαίνε-

1030 2765 1214 2823 ,Μ’-
