1781 2971
306 131 387 170 202
791 126 1171 168 PLATONIS

307 244 473 292 αὐτους
518 242 648 284 οὐδέν
698 243 892 284 ’δυνατὸν
939 242 1050 285 εἶναι
1098 259 1185 285 των
1233 240 1410 284 ὁπόσων
1459 244 1563 284 εισιν
1608 244 1654 282 αἱ

307 313 545 387 αισῦμσεις
581 325 626 350 τε
662 327 734 351 και
770 311 1020 363 ἐπιστημαι.
1059 310 1196 369 ταύτῃ
1230 311 1370 362 λέγετε
1408 312 1514 363 ἔχειν
1551 311 1654 350 ταῦ-

309 395 387 427 ta,
419 373 442 427 ὴ
480 392 594 427 πωςς

415 444 515 485 ΚΛ.
581 439 743 491 Οὕτως,

410 510 509 552 ΑΘ.

584 507 641 550 Τί
677 511 772 560 δαίς
804 506 1033 550 δύνασθαι
1071 508 1234 561 πάντα,
1272 505 1451 550 ὁπόσων
1487 499 1545 548 αὗ
1582 504 1657 548 613-
1690 504 1701 508 ”

311 580 439 631 ναμίς
473 581 562 618 ἐστι
599 577 789 627 θνητοῖς
826 592 870 618 τε
909 593 979 616 και
1017 572 1302 623 άθανοίτοιςς

413 644 514 684 ΚΛ.

310 709 362 754 οὑ
371 727 451 759 τως
487 712 619 765 ἔχειν’,

588 644 692 692 [[ῶς
743 642 830 697 γὰρ
876 641 928 684 οὐ
978 640 1339 695 συγχωρήσονται
1393 642 1466 682 καὶ
1516 640 1657 681 ταῦτα

412 777 513 820 ΑΘ.
587 776 673 817 Και
708 774 797 847 μὴν
843 773 1056 828 ἀγαθούς
1093 790 1138 827 γε
1175 791 1245 816 και
1293 774 1503 829 ἀρίστους
1543 771 1660 827 ὠμο-

310 842 559 897 λὀγήκαιιεν
597 841 762 891 αὐτούς
798 840 910 884 εἶναι
947 848 1072 885 πέντε
1108 838 1246 890 ὄντες.

415 912 518 952 KA

412 977 512 1023 ΑΘ.

586 909 784 965 Σᾳόόρα
819 924 879 961 γ.ε

571 970 672 1030 Ἆρ’
715 969 797 1018 οὖν
830 973 882 1017 οὐ
920 973 1131 1032 ῥᾳθυμίᾳ
1154 975 1233 1028 μὲν
1258 976 1329 1016 καὶ
1371 973 1514 1033 τρυφῇ
1551 970 1660 1014 ἀδύ-

307 1060 446 1086 νατον
476 1041 642 1091 αὐτους
666 1040 902 1097 ὁμολογεῖν
933 1041 1145 1097 πράττειν
1172 1039 1325 1084 ὁτιοῦν
1351 1037 1399 1082 τὸ
1429 1036 1658 1095 παράπαν,

308 1107 445 1188 ὅντᾳς
479 1126 525 1164 γε
563 1113 685 1159 οἴους
718 1107 1048 1164 ὁμολογοῦμενς
1084 1110 1246 1158 δειλίας
1281 1106 1366 1163 γάρ
1404 1109 1583 1160 ἔκγονος
1618 1109 1661 1149 ἕν

307 1194 354 1231 γε
390 1176 496 1232 ἡμῖν
531 1175 681 1230 αργία,
717 1175 927 1233 ῥᾳθυμία
968 1179 1013 1219 δὲ
1047 1174 1207 1230 ἀργίας
1243 1177 1315 1217 καὶ
1353 1175 1539 1232 τρυφῆς.

410 1245 514 1286 ΚΛ.
579 1242 892 1294 ’.Αὶηθὲστατα
930 1245 1076 1297 λέγεις.

410 1311 510 1353 ΑΘ.

312 1379 457 1421 θεῶν.

576 1309 730 1384 Ἀργίᾳ
760 1312 841 1363 μὲν
877 1308 929 1361 δη
971 1313 1042 1352 καὶ
1090 1307 1299 1366 ρᾳθυμίᾳ
1335 1305 1477 1358 οὐδεις
1511 1305 1661 1361 ἀμελεῖ

496 1376 548 1420 οὐ
586 1394 672 1431 γαρ
708 1381 906 1431 μέτεστιν
942 1376 1064 1431 αὐτῳ
1103 1391 1189 1418 που
1227 1376 1400 1424 δειλίας

405 1532 444 1564 D.
478 1530 527 1563 Τι’
549 1508 635 1569 δαλι’;
662 1529 895 1586 δύνασθαι]
912 1532 971 1565 Sic
984 1534 1026 1565 A.
1046 1531 1172 1564 52.a1ii.
1189 1530 1226 1562 V.
1246 1530 1291 1566 δὲ,
1307 1531 1400 1571 quod
1415 1529 1521 1562 Scbn.
1536 1531 1658 1562 tenuit.

401 1579 445 1610 E.
497 1577 574 1609 Ᾰαι
599 1589 677 1620 μην
708 1573 905 1619 ἀγαθούς
931 1578 990 1622 γε]
1019 1580 1130 1620 γεἈ.
1160 1575 1198 1609 Ω.
1227 1577 1265 1610 Ξ.
1293 1577 1316 1608 f.
1344 1576 1376 1607 h.
1404 1586 1430 1607 r.
1455 1587 1487 1610 a.
1513 1586 1541 1608 c.
1569 1574 1598 1608 δ.
1627 1587 1658 1607 o.

312 1625 513 1664 Legebatur
541 1626 646 1665 vulgo
672 1635 715 1658 τε

406 1670 532 1701 oi'ovs
568 1667 887 1711 ὁμολογοῦμεν]
923 1668 1062 1710 λέ)ομεν
1088 1670 1168 1700 Vat.
1195 1668 1218 1699 f.
1252 1667 1348 1699 Flor.
1378 1678 1408 1699 ο.
1436 1672 1471 1699 et
1495 1676 1604 1709 marg.
1629 1677 1659 1700 8.

313 1715 344 1747 δ.
370 1726 396 1748 r.
428 1713 469 1752 Ω.
494 1726 571 1748 cum
595 1717 723 1748 Euseb.
749 1717 842 1758 quod
869 1716 1071 1748 'luricenss.
1096 1715 1295 1747 ediderunt.

358 1829 443 1871 Cap.
470 1829 536 1861 XI.
563 1829 608 1860 D.
637 1825 814 1860 ὁπόσων
838 1827 953 1860 εἰσίν

311 1875 356 1908 αἱ
375 1873 615 1916 αἰσθήσεις
647 1886 684 1906 τε
710 1875 778 1906 καὶ
803 1872 951 1917 ἔπεισι]

311 1923 462 1954 Articuli
488 1923 541 1953 vis
561 1922 648 1952 haec
674 1927 743 1953 est:
771 1931 954 1962 quarum

310 1979 452 2000 rerum
486 1972 588 2000 sunt
621 1978 710 2006 eae,
753 1977 857 2008 quas
886 1977 951 1998 no-

310 2013 461 2055 vimus,
509 2013 866 2055 perceptiones
914 2017 955 2044 et

313 2060 619 2100 cognitiones.
686 2059 811 2099 Itaque
848 2059 952 2089 Her-

313 2116 512 2138 mannum
545 2105 674 2136 nollem
706 2104 892 2136 articulum
919 2104 955 2134 αί

311 2152 410 2183 uncis
450 2151 655 2188 seelusisse,
701 2151 795 2191 quod
842 2150 954 2182 suasit

311 2198 415 2230 etiam
451 2198 496 2229 A.
536 2196 758 2228 Matthiae
796 2195 858 2228 Gr.
890 2194 950 2227 Gr.

313 2246 344 2284 ᾖ.
369 2242 448 2277 287.
504 2242 682 2274 Notabilis
711 2252 793 2274 vero
820 2242 877 2274 hic
902 2241 952 2273 lo·

314 2300 390 2326 cus,
434 2299 502 2330 quo
540 2289 608 2320 diis
642 2288 806 2320 tribuitur
838 2298 953 2319 rerum

313 2335 467 2367 omnium
482 2335 630 2366 scientia
640 2339 674 2366 et
683 2335 849 2376 cognitio.
860 2333 954 2366 Con·

313 2382 436 2414 tendas
468 2391 544 2412 cum
578 2381 633 2412 his
665 2391 796 2422 quaeso
824 2380 955 2413 Psalm.

313 2427 368 2462 94.
397 2427 428 2460 6.
454 2427 677 2459 Davidicum.

362 2471 590 2504 δύνασθαι
617 2471 752 2504 πάντα
779 2470 954 2505 ὁπόσων

314 2518 372 2560 -]
400 2518 454 2550 De
481 2519 631 2551 numinis
657 2519 769 2551 divini
795 2520 955 2561 omnipo-

315 2565 443 2604 tentia,
479 2575 581 2606 quam
617 2565 777 2607 theologi
815 2570 954 2604 vocant,

315 2621 346 2641 v.
380 2610 470 2642 Tim.
502 2621 532 2651 p.
561 2610 616 2644 68.
650 2611 693 2643 D.
727 2612 805 2643 coll.
840 2623 870 2653 p.
898 2611 954 2644 32.

316 2655 355 2687 C.
383 2668 415 2698 p.
434 2656 489 2689 33.
510 2657 551 2690 A.
578 2656 679 2698 p-4l.
710 2660 754 2689 A.
781 2659 953 2699 Loqnuti—

317 2713 415 2733 onom
444 2700 666 2734 mmmm
701 2702 850 2737 πάντα.
877 2715 951 2736 nm-

1021 1828 1297 1869 nipotentom
1323 1837 1390 1859 ess
1403 1835 1439 1865 e,
1472 1826 1661 1858 illustravi-

1021 1886 1097 1905 mus
1123 1875 1167 1906 ad
1198 1873 1331 1905 Phileb.
1367 1883 1401 1914 p.
1427 1871 1484 1906 23.
1511 1872 1557 1906 D.
1591 1872 1661 1905 Po-

1021 1922 1105 1952 litic.
1134 1931 1166 1962 p.
1193 1919 1271 1954 302.
1301 1920 1344 1952 Α.

1066 1967 1107 1999 Ε.
1157 1964 1238 1998 Καὶ
1264 1963 1346 2007 μὴι
1372 1960 1576 2019 ἀγαθούς
1600 1963 1661 2005 γε]

1023 2012 1066 2043 H
1105 2022 1135 2044 e.
1172 2013 1286 2043 πᾶσαν
1330 2008 1455 2051 ἀρετήν
1488 2005 1661 2051 ἀγαθούς.

1022 2058 1114 2091 conf.
1142 2058 1233 2091 Tim.
1261 2068 1281 2099 p
1324 2057 1380 2091 29.
1408 2057 1449 2088 Ε.

1066 2104 1109 2135 Ε.
1158 2094 1290 2135 ὅιτῗις
1325 2113 1362 2144 γε
1399 2102 1530 2133 οιους
1565 2097 1660 2140 ὁμο-

1022 2150 1235 2191 λογοῦμει
1239 2150 1261 2193 ;]
1285 2148 1438 2190 quales
1464 2156 1539 2180 eos
1565 2157 1662 2179 esse

1020 2195 1139 2227 inter
1163 2206 1239 2228 nos
1266 2195 1488 2234 convenit,
1513 2203 1540 2226 s.
1566 2203 1663 2225 con-

1022 2243 1244 2273 sentimus.
1293 2241 1482 2282 Perperam
1509 2241 1662 2272 Astius

1021 2284 1265 2329 (ὁμολογοῦμεν
1287 2287 1329 2319 de
1353 2288 1556 2318 coniectura
1577 2287 1662 2318 scri-

1021 2335 1102 2375 psit.
1172 2333 1246 2365 Nec
1289 2343 1372 2365 vero
1409 2333 1663 2365 Turicensibus

1023 2380 1301 2420 amplectendum
1340 2379 1406 2410 suit
1445 2379 1541 2420 quod
1580 2378 1663 2410 libri

1023 2426 1166 2467 quidam
1192 2425 1375 2466 praebent:
1411 2424 1562 2466 λέγομεν.
1620 2424 1662 2456 Id

1023 2472 1113 2504 enim
1148 2478 1306 2513 apertum
1338 2476 1391 2503 est
1423 2481 1466 2503 ex
1499 2471 1663 2511 vulgatae

1021 2519 1217 2559 scripturae
1251 2518 1487 2559 explicatione
1518 2517 1662 2549 duxisse

1022 2566 1204 2603 originem.
1233 2564 1286 2595 De
1303 2574 1367 2595 usu
1382 2564 1548 2605 temporis
1562 2573 1664 2605 prae·
1718 2561 1721 2563 “

1021 2612 1132 2643 sentis
1159 2622 1189 2644 v.
1217 2611 1260 2642 nd
1288 2610 1422 2643 Phileb.
1447 2620 1479 2650 p.
1509 2610 1564 2643 11.
1593 2608 1632 2641 C.

1082 2657 1119 2689 P.
1145 2656 1224 2690 2³02.
1286 2655 1389 2698 πλὴν
1424 2667 1474 2698 τῳ
1513 2653 1659 2697 γιγνώ-

1024 2714 1142 2733 mnem-
1187 2699 1490 2743 roth-artiora
1542 2703 1585 2734 H.
1631 2712 1659 2733 e.
