1781 2971
275 158 355 198 DE
392 156 665 200 LEGIBUS
701 157 818 199 Llss.
854 156 935 198 IX.
974 159 1017 198 P.
1054 158 1147 199 877.
1183 158 1245 199 St.
1377 160 1426 196 97

79 273 217 315 δοντα
254 290 326 316 και
362 292 422 327 μη
459 276 796 329 ἐναντιούμενον
839 275 915 317 τὸν
951 279 1030 328 μὲν
1070 274 1284 317 θάνατον
1319 274 1430 331 ἀφε-

79 344 167 384 λεῖν
205 341 283 384 τοῦ
330 341 602 397 τρώσαντος,
651 343 920 396 μετάστασιν
957 344 1000 384 δὲ
1038 346 1096 391 εὶς
1133 340 1214 392 τὴν
1253 345 1428 394 γείτονα

79 396 210 449 πόλιν
245 406 368 461 αὐτῷ
414 411 650 463 γίγνεσθαι
687 407 758 451 διὰ
798 411 919 462 βίου,
968 408 1278 462 καρπούμενον
1313 406 1430 449 ἅπα-

80 489 162 516 σαν
201 472 282 525 την
319 473 460 518 αὑτοῦ
497 477 664 527 κτῆσιν.
702 474 872 530 βλάβος
908 477 964 525 δὲ,
1003 481 1036 518 εὶ
1075 477 1328 533 κατέβλαψε
1355 474 1432 517 τὸν

82 544 335 596 τρωθέντα,
381 545 563 584 ἐκτίνειν
604 543 661 597 τῷ
698 544 979 600 βλαφθέντι·
1030 544 1161 595 τιμᾶν
1198 545 1242 584 δὲ
1283 541 1328 583 τὸ
1370 544 1432 583 ὄι-

79 606 346 662 καστηριον,
386 607 494 663 ὅπερ
531 607 587 651 ἄν
623 608 705 661 τὴν
743 612 867 660 δίκην
902 611 1050 667 κρίνῃ·
1089 612 1251 663 κρίνειν
1289 611 1332 650 δὲ
1370 612 1433 650 οἴ-

80 690 158 730 περ
194 671 252 716 ἂν
287 676 368 717 τοῦ
403 677 549 731 φόνου
598 678 826 724 ἐδίκασαν,
878 678 913 716 εὶ
949 673 1225 725 ἐτελεύτησεν
1270 679 1314 716 ἐκ
1354 675 1434 725 τῆς

81 742 249 793 πληγῆς
286 743 363 783 τοῦ
404 741 669 795 τραύματος.
709 747 865 795 γονέας
903 739 937 783 δ’
973 738 1032 782 ἄν
1068 749 1173 790 παῖς
1211 738 1234 792 ἢ
1274 741 1434 789 δοῦλος

81 806 297 857 δεσπότην
335 806 539 856 ὠςαύτως
566 813 610 850 ἐκ
637 811 854 864 προνοίας
889 806 1042 867 τρώσῃ,
1080 806 1297 850 θάνατον
1321 806 1433 849 εἶναι

83 874 161 924 την
197 876 367 926 ζημίαν.
404 878 477 916 καὶ
517 873 595 917 ἐὰν
629 873 824 934 ἀδελφὸς
869 873 1068 931 ἀδελφὸν
1104 872 1130 926 ἢ
1170 873 1370 932 ἀδελφὴν
1406 871 1432 925 ἢ

79 939 250 997 ἀδελφὴ
308 939 507 997 ἀδελφὸν
562 939 586 992 ἣ
642 940 844 1000 ἀδελφὴν
895 939 1098 991 ὠςαύτως
1148 941 1314 1001 τρώσῃ,
1361 942 1434 982 καὶ

80 1008 195 1066 ὄφλῃ
233 1008 488 1061 τραύματος
513 1013 558 1050 ἐκ
592 1013 819 1063 προνοίας,
856 1007 1073 1051 θάνατον
1101 1007 1213 1051 εἶναι
1249 1008 1331 1060 την
1359 1009 1426 1059 ζη-

80 1076 203 1127 μίαν.
241 1074 350 1127 γυνη
389 1077 432 1116 δὲ
469 1075 615 1130 ἄνδρα
651 1077 812 1153 ἑαυτῆς
848 1076 892 1127 ἐξ
928 1075 1164 1129 ἐπιβουλῆς
1202 1077 1280 1118 τοῦ
1319 1073 1433 1117 ἀπο-

81 1148 246 1183 κτεῖναι
284 1157 501 1194 τρωσασα,
539 1139 564 1194 ὴ
603 1141 720 1198 ἀνὴρ
758 1141 839 1194 τὴν
875 1143 1036 1185 ἑαυτοῦ
1075 1150 1289 1196 γυναῖκα,
1330 1157 1433 1199 ‹fev-

81 1213 186 1260 γὲτω
225 1205 476 1265 ἀειιγυμαν
516 1212 599 1260 την
636 1212 680 1251 ὁὲ
718 1211 885 1261 κτῆσιν,
923 1207 1002 1251 ὲαν
1037 1211 1117 1263 μὲν
1144 1212 1250 1258 υἱεῖς
1284 1205 1311 1260 ἢ
1346 1211 1436 1250 θυ-

82 1278 258 1329 ὶατέρες
293 1273 448 1325 αὐτοῖς
486 1292 561 1318 ιυσι
601 1279 752 1326 παῖδες
791 1281 865 1327 ἔτι,
903 1273 1009 1325 τοὺς
1044 1276 1310 1331 ἐπιτρόπους
1347 1281 1437 1317 ἐπι-

176 1426 195 1469 ἡ
228 1427 274 1469 δὴ
309 1429 449 1470 γραφὴ
485 1441 516 1461 π.
553 1431 632 1472 τρ.]
667 1429 709 1473 δὴ
749 1432 791 1462 Α.
833 1430 869 1462 Ω.
904 1432 936 1462 h.
965 1442 990 1464 r.
1019 1441 1039 1463 a
1080 1442 1106 1462 c.
1135 1431 1162 1462 δ.
1190 1442 1221 1462 0.
1253 1442 1284 1463 x.
1323 1430 1437 1469 Vulgo

88 1475 307 1507 scribebatur
333 1473 377 1507 δὲ.

176 1520 217 1552 P.
241 1520 320 1554 877.
347 1521 386 1552 Β.
438 1521 561 1562 οἵπερ
597 1519 645 1553 ἂν
678 1523 753 1553 τοῦ
788 1521 952 1563 φόνου]
987 1517 1031 1554 αὖ
1064 1523 1125 1553 τοῦ
1154 1524 1197 1553 A.
1229 1520 1266 1552 Ω.
1296 1532 1325 1552 v.
1353 1520 1375 1551 f.
1404 1521 1436 1551 h.

86 1577 111 1597 ι’.
140 1576 172 1598 a.
200 1577 228 1598 c.
262 1565 290 1598 δ.
314 1577 347 1598 o.
398 1566 492 1599 Num
517 1568 684 1609 seriptum
712 1569 791 1600 fuit·
818 1568 916 1609 οῖ’περ
944 1565 986 1599 ἂι
1012 1564 1056 1599 αὖ
1085 1568 1146 1599 τοῦ
1173 1566 1291 1608 φόνου
1317 1568 1332 1596 9

178 1608 198 1652 ἢ
223 1607 419 1654 ἀδελφὴν
446 1609 561 1644 (ἱεαιῖ
575 1622 652 1645 τως
678 1618 755 1655 tp]
784 1611 946 1646 &santos
971 1615 1050 1647 add.
1077 1616 1118 1645 A.
1140 1611 1177 1645 Ω.
1197 1625 1228 1646 v.
1253 1614 1284 1645 h.
1305 1623 1332 1643 r.
1354 1623 1386 1644 a.
1410 1610 1438 1641 δ.

628 1695 643 1711 Q

154 1725 218 1755 καὶ
272 1722 325 1766 μὴ
382 1723 727 1765 ἐναντιούμενον

88 1767 159 1801 τὸν
183 1769 253 1810 μὲν
277 1767 482 1802 θάνατον
517 1767 726 1813 ἀφελεῖν]

86 1826 225 1857 neque
272 1817 373 1858 (illi)
419 1818 727 1850 adversantem

87 1868 264 1894 mortem
291 1863 468 1905 quidem
494 1864 544 1896 ab
571 1874 632 1897 eo
655 1865 728 1905 qui

89 1909 368 1949 vulnerant,
413 1911 568 1950 procul
604 1910 727 1942 habe-

89 1964 132 1987 re
174 1960 359 1996 op01tet.
409 1955 502 1987 Dein
526 1961 608 1998 post
632 1955 727 1994 μετά-

88 2010 206 2032 στασιν
232 1997 325 2031 αὕη-3
344 2000 634 2044 γἰγνεσθαιςιιοᾱ
648 2013 727 2042 καρ·

89 2043 264 2086 πούμενον
298 2048 519 2079 accusativus
558 2048 729 2086 infertur,

88 2093 124 2124 id
152 2093 278 2124 exinde
308 2093 414 2124 habet
445 2093 729 2134 explicationem,

90 2139 186 2180 quod
209 2137 412 2178 μετάστασιν
436 2135 529 2181 αὐτῷ
547 2140 729 2182 γιγνεσθαι

88 2184 179 2216 idem
216 2185 394 2225 significat
427 2191 533 2227 atque
565 2186 727 2225 μεθίστα-

90 2229 186 2262 σθαι.
244 2231 368 2272 Itaque
396 2233 610 2265 constructio
645 2230 727 2264 κατὰ

93 2273 231 2307 σύνεσιν
256 2277 349 2309 facta
379 2284 433 2309 est
464 2278 587 2311 eodem
622 2279 728 2310 modo

93 2332 162 2363 quo
193 2322 289 2354 Libr.
321 2323 387 2355 IV.
417 2335 450 2366 p.
478 2324 557 2359 717.
587 2324 634 2356 1).
666 2325 730 2356 VI.

92 2378 124 2408 p.
158 2367 235 2401 759.
263 2368 304 2399 B.
331 2369 408 2403 760.
441 2370 484 2402 Ε.
512 2369 589 2405 737.
624 2371 654 2402 Ε
679 2382 730 2412 sq.

94 2413 195 2445 VIII.
220 2423 253 2454 p.
271 2413 338 2448 828
375 2414 414 2446 C.
440 2415 520 2451 848.
536 2416 577 2449 C.
604 2417 732 2458 quibus

93 2460 181 2492 locis
206 2460 288 2492 item
314 2459 482 2494 formulae
504 2473 548 2495 ex
573 2459 660 2494 εἶναι
677 2463 734 2494 vel

96 2506 279 2547 γίγνεσθαι
304 2510 338 2537 et
354 2509 554 2541 nominibus
573 2510 735 2542 substan-

97 2552 178 2584 tivis
205 2553 421 2594 compositae
453 2554 504 2586 ita
528 2560 737 2588 construun-

96 2602 152 2629 tur
177 2608 219 2630 ac
242 2599 272 2630 si
297 2599 414 2640 posita
443 2606 559 2633 essent
570 2602 678 2634 verba
703 2602 737 2634 vi

97 2644 215 2676 activa
229 2645 298 2688 *vel
322 2645 542 2679 intransitiva
558 2648 738 2688 pollentia.

98 2688 262 2723 Ceterum
306 2692 410 2729 etiam
447 2693 567 2725 Attica
603 2695 658 2726 lex
695 2696 739 2734 ei,

100 2736 159 2776 qui
185 2737 336 2769 alterum
371 2740 532 2770 consulto
564 2741 740 2772 vulneras-

156 2803 247 2837 Plat.
276 2804 365 2845 Opp.
394 2805 473 2838 vol.
491 2804 531 2837 X.
559 2805 650 2840 Sect.
671 2807 726 2841 ΙΙΙ.

797 1732 851 1758 set
882 1727 1022 1768 ipsique
1055 1726 1195 1757 caedem
1222 1725 1441 1761 immutasset,

797 1773 941 1804 exilium
967 1772 1220 1810 constituebat3
1246 1771 1288 1802 de
1315 1780 1384 1811 qua
1403 1779 1440 1801 re

795 1819 896 1851 locus
932 1819 1100 1851 classicus
1139 1823 1191 1849 est
1233 1817 1327 1857 apud
1362 1816 1438 1857 Ly-

797 1866 902 1897 siam
919 1871 1031 1897 contr.
1051 1863 1184 1897 Simon.
1200 1873 1234 1904 p.
1253 1862 1331 1897 159.
1348 1862 1441 1894 conf.

796 1912 1017 1943 Demosth.
1051 1922 1080 1944 c.
1113 1910 1239 1942 Boeot.
1271 1920 1304 1950 p.
1336 1907 1439 1942 1018.

797 1957 890 1991 conf.
925 1956 1100 1998 Taylor.
1141 1957 1253 1988 Lectt.
1292 1955 1375 1996 Lys.
1411 1965 1439 1988 e.

801 2003 858 2034 xl.
894 2003 974 2034 Vol.
1019 2003 1074 2035 xl.
1121 2013 1152 2043 p.
1189 2001 1259 2035 312
1297 2011 1350 2041 sq.
1385 2001 1440 2032 ed.

797 2049 918 2082 Reisk.
960 2048 1095 2081 Petit.
1138 2048 1248 2088 Legg.
1287 2047 1360 2077 Att.
1406 2057 1440 2087 p.

798 2094 1094 2136 629sq.Meier.
1124 2099 1157 2125 et
1182 2092 1439 2126 Schiimann.

797 2141 852 2172 De
883 2141 1044 2172 Process.
1079 2142 1154 2174 Att.
1185 2151 1218 2182 p.
1244 2137 1323 2172 314.
1359 2148 1441 2172 ann.

798 2187 853 2221 66.
885 2187 1164 2220 Hermann.
1195 2186 1248 2218 De
1283 2185 1442 2225 vestigiis

797 2239 859 2265 etr
888 2243 926 2274 p,-
943 2232 1001 2267 58.

868 2279 910 2312 B.
959 2275 1166 2318 ετελειτι
1179 2286 1248 2308 σει
1284 2273 1329 2306 ἐκ
1369 2274 1442 2314 τῆς

800 2327 905 2366 πλη)
917 2325 963 2366 ῆς
988 2325 1065 2356 τοῦ
1091 2320 1441 2364 τραύματοε]Οο·

798 2373 924 2403 betus
950 2371 1053 2403 Varr.
1077 2370 1191 2401 Lectt.
1220 2380 1253 2410 p,
1275 2368 1353 2402 330
1381 2365 1443 2397 τοῦ

802 2415 995 2459 τραύματος
1019 2422 1058 2447 ut
1083 2417 1236 2448 otiosum
1262 2413 1373 2447 deleri
1391 2413 1443 2444 iu-

801 2465 869 2496 bet.

849 2509 888 2543 C.
914 2520 917 2521 ⁷
939 2506 1047 2550 γυνὴ
1083 2506 1123 2538 δὲ
1149 2504 1305 2548 ἄνδρα]
1347 2505 1440 2537 Lau-

808 2557 868 2587 dat
916 2554 1098 2587 Euseb.
1137 2554 1266 2594 Praep.
1303 2552 1442 2591 Evang.

804 2602 907 2634 XIII.
933 2601 988 2635 21.
1014 2611 1046 2641 p.
1075 2600 1152 2634 712.
1185 2600 1231 2632 D.

875 2645 949 2688 τὴν
990 2645 1033 2677 δὲ
1069 2647 1221 2687 κτῆσιν
1263 2642 1336 2676 ἑὰν
1375 2642 1446 2682 μὲν

811 2694 921 2725 υἱεῖς
946 2694 1006 2735 -—]
1055 2703 1136 2724 rem
1178 2691 1446 2724 familiarem

810 2760 841 2763 ψ
884 2746 1062 2771 tutores
1094 2740 1444 2772 administrante

1150 2798 1171 2810 μ.

1157 2809 1167 2835 l

1467 392 1500 431 Β
