1781 2971
271 121 354 162 DE
391 117 668 162 LEGIBUS
703 119 819 161 12113.
856 118 913 160 X.
952 119 995 158 P.
1030 118 1128 159 892.
1160 118 1223 159 St.
1351 119 1429 159 155»

78 254 328 299 παραπειση
368 256 439 280 και
477 236 707 294 διαφυγων
743 234 1100 290 κατα)ελαστους
1139 250 1321 294 ποιηση,
1357 236 1426 276 καὶ

77 307 270 362 δόξωμεν
306 307 486 360 μείζονα
521 301 885 359 ἐπιβαλλόμενοι
891 307 962 346 καὶ
992 305 1079 346 τῶν
1098 318 1290 380 σμικρων
1313 301 1428 343 ἀπο-

76 382 233 431 τυχεῖν.
272 380 472 415 σκοπεῖτε
508 387 602 422 ουν,
640 376 673 414 εὶ
711 368 926 426 καθάπερ
961 369 1166 425 ποταμὸν
1201 368 1316 424 ὴιιᾶς
1345 372 1429 411 ἔδει

77 450 192 499 τρεῖς
228 438 363 491 ὄντας
399 440 644 493 διαβαίνειν
679 435 838 496 ῥέοντα
877 436 1076 496 σφόδρα,
1130 453 1352 486 ιεωτατος
1390 436 1422 478 ὅ

75 509 156 562 ἐγώ
196 508 424 562 τυγχάνων
459 503 584 562 ἡμῶν
618 509 689 548 καὶ
730 506 906 547 πολλῶν
952 510 1158 559 ἔμπειρος
1195 502 1428 560 ῥευμάτων

76 575 216 631 εἷπον,
255 574 326 618 ὅτι
362 575 541 630 πρῶτον
577 575 648 627 ἐμὲ
678 573 840 629 χρῆναι
873 572 1156 625 πειραθηναι
1180 569 1270 612 κατ’
1300 576 1430 626 ἐμαυ-

76 642 175 693 τόν,
222 640 528 684 καταλιπόντα
576 639 693 694 ὑμᾶς
740 643 786 680 ὲν
831 637 1027 696 ἀσφαλεῖ
1062 640 1346 696 σκέψασθαι,
1396 642 1431 680 εὶ

79 708 297 765 διαβατός
343 713 434 750 ἐστι
478 708 788 762 πρεσβυτέροις
833 697 932 746 οὖσι
983 721 1054 747 και
1093 703 1220 758 ὑμῖν,
1266 702 1288 756 ἢ
1341 706 1432 753 πῶς

77 781 178 832 ἔχει,
229 792 300 817 και
337 776 558 830 φανέντος
592 774 672 828 μὲν
709 770 847 831 ταύτῃ
884 773 1032 814 καλεῖν
1068 769 1184 826 ὑμᾶς
1222 769 1320 815 τότε
1357 787 1431 813 και

77 839 431 915 συνδιαβιβαζειν
476 842 697 895 ἐμπειρίᾳ,
746 841 781 881 εὶ
825 839 870 880 δὲ
917 836 1090 892 ἄβατος
1132 831 1187 890 ἦν
1223 836 1281 888 ὡς
1314 835 1430 894 ὑμῖν,

77 918 122 954 έν
153 912 246 964 ἐμοι
285 908 363 951 τόν
399 908 603 950 κίνδυνον
640 910 889 961 9ε)ονέναι
935 909 1117 960 μετρίως
1152 902 1211 948 ἂν
1249 905 1432 949 ἐδόκουν

78 982 230 1029 λέγειν.
279 978 351 1018 καὶ
399 972 451 1026 δὴ
495 976 568 1016 καὶ
614 974 697 1016 νῦν
743 970 766 1015 ὁ
822 974 990 1026 μέλλων
1027 975 1115 1016 ἐστὶ
1150 970 1285 1026 λόγος
1320 988 1431 1031 σφο-

79 1042 289 1100 δρότερος
324 1048 396 1084 καὶ
432 1039 588 1096 σχεδὸν
623 1041 725 1090 ἰ’σως
760 1036 932 1094 ἄβατος
968 1037 1026 1089 ὡς
1051 1042 1102 1101 τῇ
1130 1041 1258 1097 σφῷν
1282 1038 1428 1100 ῥώμῃ·

171 1219 211 1252 C.
261 1218 559 1260 διαφερόντως
586 1216 751 1259 φύσει,]
779 1216 839 1249 Sic
865 1217 909 1248 A.
937 1223 970 1249 et
996 1227 1047 1259 pr.
1077 1215 1115 1248 Ω.
1138 1227 1215 1249 cum
1242 1217 1340 1249 libris
1362 1217 1431 1248 Eu-

80 1267 179 1298 sebii.
229 1265 347 1306 Vulgo
372 1271 464 1298 erat:
492 1262 742 1306 διαφερόντως,
769 1261 820 1295 ὅτι
849 1261 963 1303 φύσει.
1015 1263 1199 1296 Mutarunt
1230 1264 1333 1305 primi
1361 1264 1431 1295 Tu-

82 1314 248 1344 ricenses.

173 1358 217 1389 D.
266 1356 476 1395 νεώτατος
509 1355 542 1387 δ’
576 1354 667 1399 ἐγώ]
695 1352 728 1385 δ’
756 1366 822 1388 oxu.
852 1354 973 1395 Steph.
1004 1354 1097 1386 Dein
1129 1351 1224 1395 ἡμῶν
1249 1365 1290 1386 ex
1321 1358 1362 1386 A.
1395 1353 1431 1385 Ω.

84 1406 120 1437 Ξ.
151 1416 180 1436 v.
207 1404 230 1436 f.
256 1404 286 1435 h.
314 1413 343 1436 a.
369 1413 396 1435 c.
425 1413 458 1434 x.
485 1403 520 1434 in
546 1403 659 1435 locum
686 1403 819 1442 vulgati
846 1398 940 1441 ὑμῶν
964 1401 1220 1433 substituimus.

86 1562 207 1593 volunt
239 1559 347 1601 φύσιν
380 1573 456 1594 esse
489 1563 622 1604 γένεσιν
648 1562 725 1601 περὶ

86 1606 129 1640 τὰ
155 1607 305 1648 πρῶτα.
339 1607 404 1640 His
433 1618 516 1640 vero
543 1608 639 1649 quod
664 1608 726 1639 ad—

84 1655 213 1686 duntur
249 1653 374 1686 verba:
414 1650 508 1686 zafiz'
545 1650 628 1686 ἔσθ’
663 1650 723 1684 οὗ·

86 1709 151 1732 τως
184 1700 320 1740 ἔχοντα,
358 1712 386 1732 κ.
414 1712 439 1732 τ.
467 1702 491 1732 λ.
545 1701 726 1733 continent

86 1757 127 1779 ea
162 1751 445 1787 antegressorum
490 1747 724 1779 asseveratio-

84 1803 161 1824 nem
195 1797 231 1824 et
270 1793 573 1826 confirmationem
615 1803 725 1834 quan-

85 1840 166 1871 dam
191 1839 342 1880 ideoque
369 1841 445 1872 sine
477 1840 725 1872 coniunctione

84 1886 310 1918 adiiciuntur.
379 1885 483 1924 Quod
529 1887 613 1928 quia
653 1895 725 1917 non

86 1941 338 1973 usquequaque
368 1933 521 1964 assecuti
555 1936 636 1963 sunt
662 1931 726 1963 cri-

88 1979 161 2017 tici,
185 1978 302 2009 locum
327 1977 420 2010 hunc
443 1980 480 2010 in
509 1979 650 2010 modum
674 1979 726 2008 in-

87 2024 369 2065 terpolaverunt:
415 2019 500 2056 εἶναι
543 2021 727 2065 διαφερόν-

89 2078 170 2107 τως,
206 2066 257 2100 ὅτι
291 2069 394 2110 φύσει
429 2066 519 2102 ταῦτ’
551 2066 634 2102 ἔσθ’
665 2067 727 2101 οὗ·

90 2124 164 2154 τως,
191 2126 219 2147 κ.
249 2126 274 2148 τ.
301 2117 326 2147 λ.
352 2117 532 2149 codicibus
553 2128 637 2149 mss.
658 2126 728 2148 me-

88 2162 234 2194 lioribus
258 2163 380 2204 utique
406 2163 687 2196 adversantibus.

136 2208 182 2240 D.
231 2204 295 2239 ἐπ’
321 2205 424 2241 αὐτὸ
456 2209 585 2241 τοῦτο
618 2209 727 2241 στελ-

93 2252 282 2295 λώμεθα]
331 2256 433 2287 Hunc
480 2266 582 2288 usum
629 2255 729 2287 verbi

94 2299 291 2331 στέλλεσθαι
309 2301 563 2335 illustravimus
583 2302 626 2334 ad
645 2302 728 2334 Phi-

92 2346 160 2378 leb.
193 2356 226 2386 p.
255 2345 311 2379 50.
336 2347 379 2378 E.

139 2392 311 2432 μείζονα
336 2391 664 2434 ἐπιβαλλόμενοι
684 2411 728 2418 -

94 2434 343 2481 ἀποτυχεῖν]

95 2496 130 2516 ιι
163 2485 328 2516 dicuntur
356 2487 498 2527 proprie
524 2487 583 2528 qui
617 2487 732 2518 iacula

95 2541 159 2563 sua
182 2531 218 2562 in
251 2531 386 2572 aliquid
419 2533 597 2572 emittunt,
633 2534 730 2564 ideo-

95 2588 162 2618 que
187 2579 379 2618 opponitur
412 2574 607 2619 ἀποτυχεῖν,
639 2580 671 2611 h.
702 2589 732 2611 e.

96 2633 118 2655 a
141 2625 324 2665 proposito
357 2625 522 2657 aberrare
554 2635 666 2667 neque
691 2625 732 2656 il-

94 2669 154 2702 lud
181 2671 366 2712 attingere.
392 2671 528 2713 Itaque,
553 2671 733 2713 metapho-

97 2725 136 2748 ra
159 2716 314 2758 sublata,
350 2727 472 2750 sensus
498 2717 554 2749 hic
581 2721 648 2750 est:
684 2722 734 2750 ne

398 2435 734 2480 Ἐπιβάλλεσθαί

795 1561 1015 1593 videamur
1040 1561 1196 1593 maiora
1226 1568 1431 1602 appeten-

794 1612 857 1638 tes
901 1618 950 1639 ne
996 1617 1131 1648 parva
1180 1608 1351 1649 quidem
1395 1613 1435 1640 et

794 1653 953 1694 exigna
981 1653 1169 1707 assequi.

841 1703 1043 1730 σκοπεῖτε
1087 1694 1182 1736 ουί,
1227 1699 1265 1731 εἰ
1306 1698 1431 1730 καθά-

795 1756 868 1787 περ
895 1743 1157 1788 ποταμόν-]
1188 1744 1434 1786 Stephanus

793 1802 857 1832 pro
883 1791 916 1823 εἰ
943 1789 1103 1832 καθάπερ
1135 1793 1276 1824 inverso
1309 1793 1435 1824 ordine

795 1837 953 1881 καθάπερ
967 1838 999 1869 εί
1013 1839 1175 1870 malebat.
1190 1838 1346 1878 Rectius,
1360 1839 1434 1880 opi-

795 1895 871 1924 nor,
893 1885 1046 1917 Astius
1067 1889 1149 1926 post
1165 1883 1323 1926 καθάπερ
1341 1885 1433 1916 exci-

795 1931 888 1963 disse
915 1931 948 1962 εἰ
972 1932 1170 1971 suspicatus
1196 1928 1260 1972 est}
1286 1936 1324 1962 ut
1348 1932 1435 1962 haee

797 1978 842 2009 sit
869 1978 1057 2009 verborum
1084 1978 1324 2009 cohaerentia=
1355 1987 1435 2008 σκο-

797 2026 885 2055 πεῖτε
903 2021 934 2054 εἰ
961 2024 1089 2063 (num)
1121 2027 1264 2065 μετρίως
1289 2020 1331 2054 ἂν
1358 2021 1435 2054 ἐδό-

798 2080 885 2102 κουν
921 2069 1043 2111 λέγειν,
1080 2069 1239 2111 καθάπερ
1271 2069 1305 2101 εί
1333 2080 1434 2101 ποτα-

797 2113 863 2155 μὸν
917 2112 1003 2157 ἡμᾶς
1053 2114 1121 2147 ἔδει
1156 2135 1197 2141 -
1234 2115 1436 2158 διαβαίνειν,

797 2160 864 2204 ἐγώ
890 2160 927 2192 δὲ
951 2159 1066 2199 εἶπον,
1091 2174 1120 2194 κ.
1149 2174 1176 2195 τ.
1206 2163 1232 2194 λ.
1281 2164 1437 2197 Reticuit

780 2209 1028 2249 ‘Atheniensis
1053 2211 1147 2251 quod
1172 2212 1281 2243 menti
1303 2216 1356 2243 est
1375 2211 1435 2242 ob-

799 2259 992 2288 versatum:
1039 2253 1131 2288 οὕιω
1166 2258 1221 2288 καὶ
1262 2258 1327 2288 νῦν
1360 2256 1437 2288 τόδε

797 2303 940 2343 μετρίως
983 2301 1078 2343 λέγω.
1137 2303 1230 2335 Dein
1271 2301 1322 2335 ὅτι
1361 2315 1436 2335 cuin

797 2348 975 2380 infinitivo
1010 2350 1165 2381 iunctum
1198 2351 1241 2382 ad
1268 2350 1365 2384 Libr.
1394 2351 1436 2380 V.

797 2405 831 2436 p.
856 2393 937 2428 736.
965 2394 1005 2426 C.
1031 2404 1104 2435 cap.
1136 2396 1221 2430 νΙΙΙ.
1251 2397 1286 2428 in
1320 2397 1436 2435 attigi-

799 2451 887 2472 mus.
949 2439 1103 2472 Cobetus
1154 2446 1269 2474 tamen
1319 2443 1435 2474 Novv.

798 2487 894 2519 Lect.
921 2497 954 2528 p.
974 2486 1054 2521 433.
1082 2490 1330 2530 corrigendum
1359 2500 1437 2520 cen-

799 2538 851 2565 set
869 2532 969 2575 χρειή’
980 2543 1044 2574 pro
1063 2535 1192 2575 χρῆναι.
1209 2554 1243 2557 η
1264 2530 1316 2566 ὥς
1337 2531 1438 2574 ύμῖν,

800 2584 922 2620 utpote
947 2580 1100 2613 senibus.

846 2626 888 2657 E.
939 2623 991 2657 ὥς
1040 2627 1084 2667 τῇ
1134 2627 1252 2669 σφῷν
1306 2624 1436 2668 batim]

802 2671 891 2704 Nam
913 2672 1048 2704 Clinias
1074 2678 1108 2704 et
1127 2673 1292 2714 Megillus
1317 2678 1439 2715 utpote

801 2718 996 2751 Dorienses
1030 2719 1074 2751 ad
1108 2719 1211 2752 istam
1243 2719 1440 2751 disserendi
