1781 2971
343 149 366 187 6
789 145 1246 191 ARGUMENTUM

337 259 428 300 iure
469 258 520 300 de
554 257 694 300 medio
735 258 925 301 tolletur.
990 260 1157 302 Posteri
1198 268 1339 302 tamen
1381 261 1694 317 sacrilegorum

336 314 455 356 nulla
495 329 637 370 poena
679 317 754 355 aut
802 314 1044 370 ignominia
1085 322 1186 359 sunt
1226 316 1476 370 afficiendi,
1524 318 1607 359 nisi
1658 317 1692 358 si
1733 354 1737 357 .

336 372 447 413 forte
487 372 530 412 in
572 369 809 424 impietatis
855 373 1200 414 communionem
1240 373 1529 429 pervenerint.
1603 374 1692 415 Ne-

336 442 421 482 que
453 427 519 469 his
549 426 592 466 in
623 426 791 468 caussis
823 427 1063 481 publicatio
1103 429 1309 472 bon01um
1343 430 1487 471 locum
1517 429 1691 480 habeat,

336 484 418 524 nisi
462 483 498 524 si
540 482 636 536 quis
675 481 787 524 ultra
832 483 1103 539 assignatum
1142 486 1226 539 ipsi
1266 486 1574 540 patrimonium
1616 485 1693 526 ali-

336 539 440 603 quid
483 538 755 594 possederit,
799 538 991 594 alioquin
1023 554 1219 593 carcere,
1255 542 1535 595 verberibus,
1568 541 1692 596 igno-

334 595 492 648 minia,
534 595 630 637 aliis
671 595 812 637 modis
845 596 1085 648 similibus,
1136 596 1393 652 puniendus
1478 597 1695 639 Habenda

335 667 437 693 vero
485 651 647 693 iudicia
690 651 743 693 (le
784 652 851 695 his
894 652 1145 694 criminibus
1185 654 1245 694 ita
1283 660 1408 704 sunt,
1456 660 1505 694 ut
1543 653 1694 694 audita

335 708 589 762 utriusque,
622 715 709 749 tam
741 710 1033 773 accusatoris,
1067 724 1194 763 quam
1227 710 1311 762 rei,
1347 710 1565 757 oratione,
1606 710 1694 763 pri-

335 780 451 806 mum
493 764 624 805 iudex
663 772 806 806 aetate
837 766 1049 807 maximus
1081 765 1199 807 dicta
1230 766 1470 819 examinet,
1514 772 1694 818 tumque

334 821 469 863 ceteri
501 820 653 862 ordine
686 821 893 885 deinceps
925 821 1040 863 idem
1071 821 1254 872 faciant3
1298 821 1481 875 deinde,
1522 821 1591 862 his
1633 822 1694 862 ita

332 877 544 933 peractis,
597 892 741 918 omma
796 878 934 920 literis
983 879 1224 934 perscripta
1273 886 1317 920 et
1369 878 1601 934 obsignata
1649 878 1692 918 in

332 934 439 974 aede
481 934 644 974 Vestae
691 933 995 997 deponantur3
1053 934 1240 990 denique
1291 935 1442 976 eodem
1495 934 1692 975 examine

331 990 399 1032 bis
437 989 624 1044 repetito
665 989 852 1046 singuli,
907 991 981 1032 ubi
1020 990 1150 1032 fidem
1189 998 1232 1033 et
1272 991 1526 1048 religionem
1570 1005 1691 1032 suam

331 1045 514 1088 solemni
554 1025 847 1088 iureiuramdo
887 1047 1225 1100 obstrinxerint,
1258 1028 1515 1090 sententiam
1544 1046 1693 1088 dicant

331 1110 374 1143 et
414 1102 522 1156 quid
563 1102 777 1155 sentiant,
817 1103 1006 1159 publice
1061 1105 1346 1158 pronuntient
1388 1107 1460 1159 (p.
1504 1104 1599 1145 1353.
1640 1128 1690 1133 -ν

332 1160 432 1201 556.
467 1159 560 1213 A.).
591 1183 644 1188 -

446 1272 555 1315 Post
594 1288 670 1327 ea,
722 1287 832 1327 quae
878 1275 922 1315 in
963 1273 1069 1316 deos
1122 1273 1451 1315 committuntur
1493 1273 1690 1326 crimina,
1729 1282 1733 1283 ’

331 1329 451 1370 nulla
479 1330 644 1372 maiora
674 1337 807 1383 sunt,
849 1345 976 1384 quam
1019 1345 1130 1384 quae
1163 1330 1218 1371 ad
1251 1329 1561 1384 rempublicam
1594 1343 1691 1392 per-

328 1385 482 1427 tinent.
553 1385 817 1441 Quicunque
858 1387 993 1443 igit-ur
1032 1388 1150 1443 leges
1192 1386 1390 1441 publicas
1419 1386 1568 1427 studet
1599 1401 1690 1427 Vio-

328 1441 467 1483 lenter
507 1442 562 1483 ad
604 1443 735 1484 unius
773 1444 997 1485 arbitrium
1035 1450 1228 1485 evertere
1268 1450 1311 1483 et
1348 1442 1585 1483 factionum
1616 1449 1691 1483 aut

329 1497 591 1540 seditionum
634 1506 786 1541 auctor
826 1499 894 1540 vel
926 1499 1098 1540 adiutor
1129 1504 1217 1551 esti,
1250 1498 1287 1540 is
1319 1499 1473 1540 merito
1506 1498 1689 1540 habetur

328 1557 541 1597 maximus
585 1555 725 1597 hostis
765 1556 930 1610 patriae
970 1563 1014 1597 et
1044 1555 1298 1610 perduellio
1369 1553 1453 1595 Cui
1493 1560 1559 1596 est
1589 1569 1689 1609 pro·

327 1610 470 1653 ximus
502 1612 798 1667 magistratus,
846 1613 920 1666 qui
959 1612 1003 1652 111
1036 1613 1154 1653 cives
1186 1610 1419 1652 seditiosos
1451 1626 1501 1652 ac
1532 1610 1687 1652 factio-

328 1682 400 1708 sos
429 1682 515 1708 11011
548 1668 868 1709 animadvertit.
938 1669 997 1709 Et
1034 1667 1278 1709 coniuratio
1318 1666 1493 1721 quidem
1525 1667 1688 1731 pariter

329 1730 460 1777 atque
504 1723 697 1779 proditio
729 1724 994 1788 reipublicae
1035 1724 1254 1766 iudicibus
1295 1723 1472 1776 iisdem,
1516 1723 1590 1777 qui
1634 1723 1686 1765 de

327 1779 568 1836 sacrilegiis
610 1781 836 1822 constituti
887 1788 1017 1834 sunt,
1062 1780 1178 1822 haud
1228 1780 1358 1822 dubie
1401 1786 1537 1822 morte
1578 1781 1685 1821 mul-

328 1815 511 1877 (nandans
534 1843 611 1878 est.
685 1837 781 1879 Nec
813 1844 955 1878 tamen
999 1837 1123 1879 liberi
1155 1839 1476 1879 coniuratorum
1507 1852 1558 1878 ac
1588 1853 1685 1892 pro-

327 1892 516 1934 ditorum
547 1909 688 1948 poena
715 1901 816 1935 sunt
847 1894 1082 1945 afficiendi,
1119 1895 1201 1936 nisi
1246 1894 1283 1935 si
1324 1893 1451 1935 etiam
1495 1908 1603 1934 avus
1633 1910 1685 1935 ac

326 1963 516 2004 proavus
546 1965 693 1991 eorum
735 1951 883 1992 ultimo
916 1951 1130 2006 supplicio
1162 1949 1307 1992 affecti
1339 1950 1686 1991 fuerint.1¹um

326 2021 429 2047 vero
482 2005 566 2059 illi,
609 2006 744 2048 fundo
784 2021 863 2049 suo
906 2007 1084 2060 nudati,
1139 2008 1182 2048 in
1232 2007 1460 2062 pristinam
1499 2006 1684 2060 patriam

325 2076 446 2103 suam
476 2062 726 2104 remittendi
766 2071 809 2104 et
838 2079 891 2104 ex
921 2063 1082 2105 finibus
1114 2064 1304 2105 civitatis
1337 2062 1537 2104 eiiciendi
1568 2068 1682 2109 sunt,

326 2126 466 2161 sortes
502 2133 705 2183 agrorum
756 2127 925 2171 autem,
975 2135 1086 2174 quos
1139 2119 1453 2183 possederunt,
1502 2118 1682 2159 alimum

325 2175 428 2217 filiis
474 2191 632 2217 c1v1um
681 2176 947 2232 assignandi.
1034 2175 1210 2232 Quippe
1250 2175 1458 2217 iniustum
1511 2174 1684 2216 videtui

325 2232 486 2273 liberos
526 2233 687 2287 probos
730 2240 911 2289 propter
941 2240 1164 2288 parentum
1195 2232 1373 2273 crimina
1404 2231 1683 2286 gravissimas

324 2303 487 2343 poenas
529 2289 649 2330 luere
681 2289 743 2345 (p.
776 2291 872 2331 δι’.)(ἷ
908 2291 961 2331 Α.
994 2314 1048 2319 -
1079 2291 1175 2331 856.
1209 2289 1378 2342 Ε..)-
1462 2287 1527 2329 De
1569 2288 1681 2329 furto

324 2345 607 2387 Atheniensis
646 2345 904 2411 simpliciter
945 2345 1057 2388 hanc
1099 2346 1236 2402 legem
1277 2345 1433 2386 sanciri
1477 2343 1592 2397 vult,
1634 2352 1681 2385 ut

324 2401 398 2455 qui
430 2401 534 2443 illud
567 2401 804 2455 admiserit,
837 2404 873 2444 is
915 2402 1093 2458 duplum
1139 2418 1216 2465 pro
1259 2401 1420 2443 mulcta
1450 2401 1679 2442 1051111101(

324 2465 521 2514 cogatur,
553 2465 642 2511 aut,
675 2459 710 2501 si
740 2459 783 2500 id
815 2475 901 2501 non
936 2459 1140 2513 potuerit,
1175 2474 1217 2499 111
1252 2458 1434 2500 vinculis
1466 2462 1677 2508 teneatur,

323 2514 463 2556 donec
505 2514 666 2556 laesum
700 2515 938 2572 placaverit
966 2516 1030 2571 (p.
1063 2516 1156 2556 854³.
1203 2515 1250 2555 1«.
1284 2539 1338 2546 —
1369 2516 1464 2556 857.
1499 2513 1592 2567 A..)
1626 2537 1675 2542 ——

323 2570 495 2623 Quibus
527 2571 688 2614 auditis
720 2571 886 2615 Clinias
918 2573 1096 2613 miratur
1109 2604 1119 2623 ,
1161 2570 1277 2624 quod
1306 2571 1424 2613 nullo
1466 2570 1677 2611 fultorum

321 2626 570 2670 discrimine
612 2629 728 2670 facto
772 2645 855 2671 una
896 2628 1133 2683 eademque
1176 2644 1256 2682 po(
1262 2644 1316 2669 111
1352 2628 1394 2669 in
1430 2626 1574 2667 omnia
1605 2640 1674 2667 eo-

323 2699 412 2725 rum
459 2699 613 2737 genera
671 2686 972 2727 mustituatur.
1046 2685 1126 2729 Cui
1185 2684 1462 2726 Asswnicnsis
1513 2683 1572 2723 ita
1613 2696 1674 2722 rr-
