1781 2971
449 150 670 193 VUlAJro
706 151 985 192 PLATONI
1023 159 1103 192 etc.
1374 155 1456 195 453

97 278 237 303 rerum
281 277 442 316 genera
498 271 629 318 atque
680 265 840 305 formas
892 263 1134 316 discernat,
1187 270 1277 305 tum
1329 266 1456 306 etiam

98 334 198 359 vera
226 333 250 358 a
281 319 399 360 falsis
430 331 544 361 recte
576 319 845 376 distinguere
871 321 1002 361 docet
1034 323 1094 376 (p.
1118 322 1213 362 989.
1246 321 1454 364 E.—-992.

100 377 190 429 A.).
252 378 401 430 Atque
435 376 499 417 his
535 378 735 418 omnibus
776 377 993 432 perceptis
1046 378 1151 419 satis
1201 384 1332 432 atque
1383 393 1453 419 co-

96 432 232 486 gnitis
264 440 381 473 certe
414 438 535 474 tanto
569 434 707 488 magis
738 434 858 475 nefas
899 434 979 475 erit
1009 433 1281 487 ducendum,
1315 434 1350 476 si
1381 436 1453 488 qui

98 488 203 529 deos
243 489 492 544 negligant,
538 506 623 543 quo
666 491 823 532 clarius
867 497 1096 546 perspecta
1140 490 1301 531 fuerint
1342 506 1453 544 quae

98 544 151 586 de
191 545 242 586 iis
284 546 420 587 veteri
452 546 588 600 fama,
620 547 765 588 fausta
804 562 908 588 sane
940 547 1012 588 illa
1043 553 1174 601 atque
1216 547 1452 601 fortunata⁷

97 616 235 655 usque
276 602 474 643 feruntur
517 603 578 657 (p.
611 605 705 644 992.
748 603 834 657 3.).
917 603 983 644 Ea
1038 619 1140 644 vero
1195 605 1338 644 onmia
1378 605 1453 658 qui

98 665 212 699 recte
242 659 489 713 perceperit
520 666 562 699 et
593 660 870 715 cognoverit,
904 660 940 701 is
973 660 1214 701 rectissime
1255 661 1451 714 profecto

97 715 326 769 sapiens
373 715 649 758 iudicabitur.
722 718 870 770 Atque
910 716 1023 757 idem
1067 716 1195 757 etiam
1237 718 1324 757 fato
1376 717 1451 757 ali-

98 770 272 824 quando
302 770 533 813 defunctus
566 788 651 813 non
680 773 865 829 amplius
885 773 1133 826 multorum,
1166 773 1295 813 sicuti
1320 789 1450 825 nunc,

96 842 301 869 sensuum
351 829 433 869 erit
483 830 727 883 particeps,
779 828 856 871 sed
894 844 1021 870 unam
1065 835 1225 870 sortem
1267 828 1452 884 adeptus

95 899 295 939 unusque
329 901 380 926 ex
411 885 558 927 multis
588 886 728 928 faetus
759 887 913 928 beatus
945 901 995 927 ac
1028 886 1203 940 sapiens
1249 886 1331 927 erit
1377 902 1451 940 po-

94 942 314 995 tieturque
354 943 397 983 in
439 943 591 996 quavis
635 945 748 984 vitae
789 942 1043 984 conditione
1086 944 1260 983 fortuna
1292 943 1450 984 felicis-

96 999 217 1039 sima.
297 998 385 1040 Sed
433 998 550 1053 quod
600 1000 682 1040 iam
731 1015 861 1055 supra
910 999 1073 1041 dictum
1119 1006 1205 1051 est,
1255 999 1299 1039 id
1339 1016 1449 1041 nune

98 1069 270 1108 quoque
312 1071 459 1096 verum
503 1071 595 1097 esse
641 1071 966 1109 asseveramus,
1015 1056 1109 1097 fieri
1153 1056 1270 1096 nullo
1321 1064 1449 1110 pacto

97 1125 241 1166 posse7
274 1119 321 1152 ut
352 1112 548 1153 homines
582 1115 773 1168 perfecte
806 1113 953 1154 felices
983 1113 1089 1153 fiant
1121 1112 1314 1167 exceptis
1346 1129 1449 1167 puu-

95 1168 292 1210 cissimis.
356 1169 469 1210 Nam
500 1169 551 1210 iis
585 1171 695 1220 unis,
725 1171 797 1223 qui
832 1171 947 1210 omni
980 1169 1152 1210 virtutis
1184 1184 1344 1224 genere
1378 1186 1449 1211 ex-

95 1224 260 1266 cellunt
291 1232 334 1266 et
365 1226 457 1267 eius
489 1225 760 1282 disciplinae,
794 1226 964 1281 qualem
1005 1241 1084 1267 nos
1124 1225 1448 1280 descripsimus,

96 1281 328 1336 participes
358 1283 461 1324 facti
495 1289 612 1336 sunt,
646 1284 900 1338 contingere
941 1289 1088 1337 potest
1128 1297 1222 1324 esse
1261 1289 1347 1323 tam
1389 1285 1449 1324 fe-

94 1338 264 1391 licibus,
299 1346 346 1379 ut
372 1339 572 1381 omnibus
603 1340 716 1381 vitae
749 1340 900 1381 beatae
932 1338 1162 1393 praesidiis
1201 1346 1447 1380 sustenten-

93 1402 176 1437 tur.
237 1398 385 1449 Atque
417 1396 483 1436 his
516 1397 612 1437 unis
644 1397 774 1437 etiam
806 1404 848 1437 et
878 1396 1079 1450 privatim
1098 1402 1141 1436 et
1166 1396 1337 1451 publice
1360 1403 1447 1436 sta-

94 1452 254 1494 tuimus
285 1467 473 1493 summos
505 1453 783 1509 magistratus
810 1468 904 1493 esse
929 1451 1256 1493 demandandos
1280 1452 1334 1492 ad
1361 1469 1448 1494 ma-

96 1509 300 1550 turiorem
341 1508 514 1563 quidem
564 1517 748 1551 aetatem
790 1510 1030 1564 provectis3
1082 1515 1250 1549 ceteros
1303 1515 1447 1550 autem

93 1565 291 1607 iubemus
323 1566 524 1620 pietatem
558 1582 662 1622 erga
691 1566 795 1607 deos
832 1565 1021 1619 deasque
1063 1580 1212 1606 omnes
1246 1565 1446 1621 religiose

94 1622 237 1663 colere
258 1623 301 1663 in
325 1622 492 1663 illorum
517 1623 760 1677 exemplum
786 1623 1017 1663 intuentes.
1084 1622 1315 1662 Praeterea
1346 1638 1446 1663 vero

94 1679 222 1720 etiarn
262 1680 322 1720 ita
364 1679 596 1732 faciemus‚
642 1686 689 1720 ut
728 1694 876 1720 omnes
920 1679 1063 1720 socios
1105 1679 1303 1719 nocturni
1345 1694 1447 1720 con-

95 1742 249 1776 ventus
280 1750 304 1776 a
334 1736 460 1777 nobis
493 1737 701 1791 probatos
734 1742 864 1790 atque
897 1736 1003 1777 satis
1034 1740 1257 1789 spectatos
1291 1734 1344 1774 ad
1379 1750 1445 1776 se-

95 1791 295 1833 ctandam
327 1792 746 1847 amplexandamque
776 1792 887 1833 hanc
914 1791 1171 1834 sententiam
1193 1791 1446 1846 gravissime

95 1848 371 1890 exhortemur
413 1851 485 1904 (p.
516 1851 611 1890 902.
646 1850 696 1889 B.
732 1871 771 1878 e>
818 1849 913 1899 1⁴2).
947 1872 999 1878 ——
1061 1847 1128 1888 En
1168 1848 1301 1902 igitur
1332 1863 1445 1888 sum-

95 1920 206 1945 mam
239 1920 409 1957 eorum,
453 1921 564 1959 quae
595 1908 746 1946 ametor
777 1904 907 1946 libelli
950 1904 1001 1944 de
1043 1911 1298 1958 argumento
1333 1904 1445 1957 prin-

95 1961 222 2016 cipali
263 1962 442 2016 copiosa
481 1961 676 2002 oratione
715 1961 933 2015 exposuit.
1004 1959 1130 2011 Quae
1170 1960 1338 2000 etiamsi
1372 1959 1445 2000 ad-

95 2017 269 2059 modum
300 2018 512 2073 ·perplexe
553 2024 596 2059 et
632 2018 810 2059 confuse
849 2017 1074 2072 disputata
1126 2022 1254 2066 sunt,
1302 2022 1445 2056 tamen

94 2073 214 2115 illud·
248 2081 363 2116 certe
406 2075 638 2128 unicuique
680 2074 915 2114 clarissime
961 2073 1150 2129 patebit,
1198 2070 1446 2113 adumbrari

94 2130 441 2172 mathematicam
462 2131 759 2186 imprimisque
779 2130 1083 2171 astronomiam
1109 2135 1328 2182 tamquam
1354 2143 1446 2168 eam

94 2188 335 2242 scientiam,
367 2203 476 2241 quae
508 2204 594 2229 una
624 2203 755 2242 quum
794 2187 847 2228 ad
893 2186 998 2227 alias
1041 2186 1220 2227 virtutes
1262 2191 1350 2225 tum
1391 2185 1446 2225 ad

95 2245 299 2299 pietatem
331 2251 374 2286 et
399 2245 679 2286 reverentiam
711 2243 921 2285 adversus
955 2242 1058 2283 deos
1081 2242 1317 2283 certissime
1349 2256 1444 2294 per-

95 2300 251 2352 ducat,
303 2301 490 2354 ideoque
530 2301 700 2343 ostendi
745 2300 835 2342 eius
878 2298 1128 2354 cognitione
1169 2312 1299 2352 quum
1338 2296 1445 2337 alios

95 2357 210 2398 cives
244 2372 321 2412 pro
353 2372 431 2398 suo
466 2373 661 2412 quosque
694 2364 822 2413 captu
844 2363 931 2397 tum
956 2370 1146 2396 summos
1164 2354 1445 2409 magistratus

96 2413 356 2455 imbuendos
387 2428 496 2455 esse.
558 2413 732 2469 Quippe
765 2413 870 2454 deos
911 2411 1198 2467 philosophus
1240 2424 1444 2464 persona-

95 2479 164 2512 tus
196 2469 413 2511 intellexit
444 2485 527 2510 non
559 2471 666 2511 alios
701 2485 826 2524 quam
861 2468 965 2510 deos
996 2466 1262 2519 mundanos,
1295 2466 1444 2520 quales

98 2526 223 2567 Plato
264 2526 308 2566 in
348 2526 543 2581 Legibus
583 2526 676 2567 libr.
722 2526 779 2567 X.
827 2542 864 2581 p.
908 2526 1004 2566 891.
1047 2522 1096 2564 C.
1131 2537 1224 2576 sqq.
1254 2530 1311 2552 ‘—
1345 2523 1441 2564 895).

96 2582 341 2624 adorandos
374 2598 469 2624 esse
502 2584 725 2638 praecipit.
787 2583 837 2623 In
872 2582 954 2622 hoc
985 2580 1097 2620 enim
1143 2595 1271 2634 opere
1312 2594 1444 2632 quum

96 2638 166 2679 ille
187 2639 421 2687 civitatem,
457 2639 594 2694 qualis
626 2654 774 2680 revera
804 2640 915 2679 inter
946 2636 1141 2677 homines
1165 2634 1293 2677 condi
1315 2649 1443 2689 posse

96 2694 338 2748 videretur7
389 2694 660 2745 fundaverit,
715 2696 883 2736 civibus
935 2694 1061 2733 otiam
1121 2707 1211 2734 eam
1272 2691 1443 2746 religio--
