1781 2971
215 610 297 649 936

326 156 407 197 322
800 157 1178 200 PLATONIS

326 271 485 329 ποιητῇ
521 269 573 322 δὴ
612 274 840 326 κωμῳδίας
877 271 900 325 ἦ
944 290 1064 324 τινος
1099 276 1270 330 ἰάμβων
1309 272 1333 325 ἢ
1370 277 1567 319 Μουσῶν
1602 292 1676 330 με·

325 339 485 390 λῳδίας
518 338 578 392 μὴ
614 338 763 390 ἐξέστω
799 338 908 393 μήτε
942 341 1058 395 λόγῳ
1093 341 1204 396 μήτε
1241 339 1374 384 εἰκόνι
1401 342 1511 394 μήτε
1540 343 1676 397 θυμῷ

324 401 435 457 μήτε
470 400 577 447 ἄνευ
612 407 766 458 θυμοῦ
803 409 1015 461 μηδαμῶς
1050 411 1215 462 μηδένα
1254 410 1341 450 τῶν
1375 410 1570 452 πολιτῶν
1596 426 1675 451 κω-

327 472 501 524 μῳδεῖν.
540 470 619 514 ἐὰν
643 474 686 514 δὲ
709 489 775 522 τις
809 471 996 533 ἀπειθῆ,
1033 491 1136 523 τους
1170 475 1444 525 ἀθλοθέτας
1478 476 1677 532 ἐξείργειν

329 541 372 578 ὲκ
411 538 486 588 τῆς
510 537 657 593 χώρας
691 536 741 582 τὸ
779 539 996 594 παράπαν
1035 537 1305 595 αὑθήμερον
1342 539 1366 593 ἢ
1404 543 1678 594 ζημιοῦσθαι

328 612 459 657 μναῖς
502 620 644 659 τρισιν
688 609 826 661 ἱεραῖς
861 609 940 650 τοῦ
977 610 1092 650 θεοῦ
1129 609 1181 650 οὑ
1212 606 1271 650 ἀν
1307 608 1330 650 ὸ
1367 608 1490 662 ἀγών
1527 602 1566 668 ᾗ.
1611 607 1678 658 οἷς

328 668 364 712 δ’
407 669 575 725 εἴυηται
621 672 841 727 πρότερον
887 675 1089 724 ἐξουσίαν
1132 673 1244 717 εἶναι
1280 679 1376 729 περὶ
1414 678 1493 718 τοῦ
1537 683 1678 718 ποιεῖν

327 754 386 786 εις
421 736 655 791 ἀλλήλους,
694 739 869 789 τούτοις
913 740 1020 783 ἄνευ
1055 743 1209 794 θυμοῦ
1239 744 1319 794 μὲν
1350 758 1459 795 μετα
1496 743 1678 792 παιδιᾶς

327 803 500 855 ἐξέστω,
537 808 705 865 σπουδῆ
742 808 786 849 δὲ
822 805 916 862 ἅμα
944 811 1014 850 καὶ
1057 812 1378 862 θυμουμένοισι
1415 807 1475 864 μὴ
1510 808 1676 860 ἐξέστω.

327 869 489 914 τούτου
524 871 577 924 δὴ
623 871 856 926 διάγνωσις
900 874 1218 933 ἐπιτετράφθω
1267 876 1330 930 τῷ
1375 877 1454 927 τῆς
1499 873 1678 917 παιδεύ-

327 952 432 986 σεως
464 936 570 990 ὅλης
605 941 839 1000 ὲπιμελητῃ
875 942 962 982 τῶν
997 947 1126 995 νέων,
1169 945 1239 982 και
1277 939 1299 984 ὃ
1337 944 1417 995 μὲν
1449 938 1508 984 ἀν
1546 935 1678 991 οὗτος

419 1092 460 1124 Ε,
511 1093 576 1124 καὶ
606 1091 678 1134 μὴ]
709 1091 752 1134 μὴ
781 1093 817 1125 δὲ
854 1095 954 1127 τοῦτο
983 1097 1026 1126 A.
1059 1093 1093 1124 Ω,
1125 1105 1153 1125 v.
1181 1105 1211 1126 -ι,
1241 1104 1274 1125 x.
1301 1095 1349 1126 ita
1375 1101 1412 1125 ut
1438 1095 1471 1125 in
1499 1095 1677 1136 plerisque

332 1135 368 1168 δε
391 1139 529 1178 punctis
554 1141 600 1170 sit
626 1145 796 1172 notatum.

331 1229 340 1258 ι
377 1234 389 1259 t
422 1186 575 1260 πεὲιητῇ
600 1182 646 1226 δὴ
673 1184 922 1228 κωμωδίας]
974 1184 1043 1217 Sic.
1073 1191 1117 1216 A.
1155 1183 1192 1217 Ω.
1221 1197 1252 1217 v.
1278 1187 1303 1217 f.
1329 1196 1359 1218 a.
1386 1197 1413 1218 e.
1443 1186 1559 1227 Vulgo
1585 1186 1676 1227 lege-

341 1238 432 1260 ›aur
478 1240 503 1260 ε.

419 1274 457 1306 Ρ.
483 1275 562 1310 936.

613 1267 661 1307 οὗ
690 1271 739 1306 ἂν
767 1272 784 1306 ω’
812 1272 945 1317 ἀγών]
977 1272 994 1307 ὁ
1021 1286 1089 1307 om.
1117 1278 1160 1307 A.
1187 1282 1221 1308 et
1246 1287 1295 1318 pr.
1327 1274 1364 1308 Ω.

326 1411 450 1446 stius:
479 1414 556 1445 hoe
583 1414 709 1445 nullo
737 1415 857 1446 modo
885 1415 964 1446 dif-

327 1457 558 1491 ferendum
609 1466 684 1491 est.
749 1460 845 1492 Imo:
886 1461 966 1492 hoe

328 1505 487 1545 igitur,
519 1507 630 1546 quod
657 1512 882 1546 postremo
910 1507 965 1538 di-

329 1551 546 1592 cebamus,
582 1552 704 1583 nullo
732 1553 860 1583 modo
887 1563 965 1583 mu-

329 1598 503 1629 tandum
529 1602 613 1635 est,
638 1598 809 1639 siquidem
835 1603 966 1629 certum

329 1649 398 1681 est,
431 1644 559 1674 nemini
590 1645 695 1675 licere
727 1644 856 1675 debere
881 1645 965 1676 alte-

329 1698 403 1719 rum
436 1689 603 1721 iracunde
634 1690 826 1721 maledictis
861 1691 967 1722 iaces-

328 1743 416 1765 sere.

375 1777 396 1820 ἤ
433 1789 554 1811 τινος
590 1778 757 1821 ἰάμβων
794 1777 813 1822 ἢ
851 1780 966 1812 Μου-

331 1825 412 1856 univ
438 1824 664 1866 μελῳδιάςΙ
695 1829 854 1858 Astins
882 1827 964 1859 scri-

329 1873 416 1913 psit:
445 1868 466 1912 ἢ
490 1870 625 1912 ἰάμβων
653 1870 673 1913 ἥ
698 1881 790 1904 τινος
811 1872 968 1904 Μουσῶν

328 1915 502 1960 μελῳδίας.
559 1917 638 1956 Qua
670 1920 863 1950 mutatione
896 1929 966 1950 non

328 1964 535 2004 indigemus.
602 1964 693 1995 Nam
731 1966 774 1996 ad
814 1962 835 2006 ἥ
872 1973 968 1996 τινος

329 2007 463 2049 ἰάμβων
488 2019 557 2041 non
582 2008 766 2052 μελῳδίας,
791 2011 850 2042 sed
878 2013 968 2052 poti-

330 2065 369 2086 us
400 2052 575 2096 ποιήσεως
607 2062 659 2087 est
689 2057 967 2097 intelligendum,

328 2101 612 2142 quandoquidem
636 2103 733 2133 nullo
759 2104 832 2133 fere
861 2113 966 2143 nego-

327 2148 376 2178 tio
403 2148 438 2178 in
464 2147 592 2178 talibus
618 2154 789 2188 cognatae
805 2149 967 2180 notiones

328 2202 369 2223 ex
402 2193 562 2232 cognatis
593 2199 808 2234 repetuntur.
865 2194 921 2225 De‘
948 2191 969 2235 ἧ

327 2247 420 2270 τινος
451 2249 481 2269 v.
507 2248 587 2270 ann.
615 2240 659 2270 ad
676 2239 817 2270 Lib1·.I.
839 2250 870 2281 p.
888 2239 964 2273 644.

328 2286 373 2316 A.
430 2283 520 2315 Sunt
553 2290 666 2316 autem
701 2284 818 2325 ι”αμβοι
856 2295 967 2325 genus

328 2331 505 2372 quoddam
531 2331 646 2371 poesis
671 2333 844 2372 satyricae
872 2332 967 2363 fabu-

329 2377 370 2408 lis
397 2377 543 2407 scenicis
568 2377 750 2418 aliquanto
775 2378 966 2418 antiquius,

329 2432 391 2453 nec
416 2426 531 2454 tamen
558 2423 602 2454 iis
626 2433 770 2463 prorsus
797 2424 956 2455 absimile

331 2479 360 2500 v.
393 2468 420 2498 1.
455 2466 589 2499 Gottl.
628 2468 890 2500 Schneider.
921 2469 964 2500 ad

331 2513 479 2544 Aristot.
501 2513 635 2546 Politia.
659 2525 692 2555 p.
714 2514 793 2549 447.
821 2518 877 2556 qui
896 2515 966 2546 lau-

330 2559 388 2590 dat
421 2559 561 2590 Delium
585 2561 677 2600 apud
709 2562 839 2593 Athen.
865 2561 965 2592 xlv.

329 2615 361 2645 ρ.
393 2604 470 2637 6‘22.
526 2604 720 2647 Κωμῳδιάν
752 2612 784 2639 et
818 2605 966 2647 ίάμβους

328 2651 442 2690 iungit
478 2651 580 2683 etiam
614 2654 852 2684 Aristotel.
889 2653 964 2684 1³01.

327 2696 407 2727 VII.
433 2696 486 2730 15.
538 2696 692 2729 Μουσῶν
714 2697 859 2741 μελῳδία
884 2704 965 2731 sunt

327 2742 481 2775 carmina
509 2744 659 2784 satyrica
682 2745 726 2777 ad
753 2746 962 2779 cantandum

1034 1418 1254 1454 eomparata;
1305 1422 1416 1453 neque
1462 1414 1553 1444 enim
1599 1423 1676 1444 cum

1035 1460 1166 1490 Astio
1205 1458 1349 1490 omnino
1389 1459 1432 1490 de
1463 1459 1677 1490 carminibus

1033 1506 1153 1545 lyricis
1177 1505 1401 1544 cogitandum
1429 1505 1577 1536 videtur.
1611 1504 1677 1536 Ce-

1033 1557 1146 1582 terum
1172 1550 1274 1581 Plato
1301 1561 1360 1581 cur
1387 1551 1429 1582 de
1453 1550 1678 1582 Comieorum

1035 1597 1220 1628 dicacitate
1255 1601 1289 1628 et
1331 1597 1563 1636 protervitate
1606 1602 1677 1628 tam

1034 1653 1154 1674 severe
1181 1643 1355 1681 statuerit,
1379 1643 1507 1673 nemini
1529 1643 1594 1673 erit
1614 1642 1675 1673 du-

1037 1689 1147 1727 bium,
1187 1690 1245 1728 qui
1281 1689 1334 1718 vel
1371 1689 1432 1719 ina
1464 1688 1590 1728 legerit
1622 1688 1677 1719 De

1038 1734 1122 1774 Rep.
1148 1734 1216 1779 Ιῌ.
1243 1744 1263 1773 p
1300 1733 1379 1766 395.
1407 1733 1451 1766 D.
1478 1735 1520 1765 E.
1548 1734 1607 1765 ubi
1632 1734 1676 1765 de

1036 1779 1230 1811 eadem‘re
1264 1780 1392 1819 agitur.
1458 1779 1597 1818 Sobrie,
1639 1785 1677 1811 ut

1036 1827 1145 1863 solet,
1183 1825 1424 1856 Aristotel.
1461 1825 1578 1856 Ethie.
1611 1824 1675 1857 Ni-

1036 1882 1122 1903 com.
1158 1870 1215 1903 lv.
1250 1870 1288 1904 8:
1327 1867 1345 1911 η’
1379 1871 1441 1901 τοῦ
1472 1868 1677 1911 ἐλευθερίου

1037 1914 1154 1948 παιδιὰ
1184 1915 1338 1957 διαφέρει
1374 1916 1433 1957 τῆς
1462 1916 1524 1948 τοῦ
1548 1912 1674 1959 ἀνδρα-

1037 1961 1231 1999 ποδιόδους,
1259 1963 1312 1993 καὶ
1330 1960 1603 2001 πεπαιδευμένου
1621 1963 1675 1995 καὶ

1038 2006 1255 2041 ἀπαιδεύτου.
1291 2006 1360 2039 ἴδοι
1392 2005 1426 2039 δ’
1465 2006 1507 2040 ἄν
1541 2018 1588 2040 τις
1620 2009 1675 2041 καὶ

1036 2055 1072 2087 ἐκ
1105 2055 1170 2086 τῶν
1203 2052 1390 2096 κωμῳδιῶν
1423 2054 1490 2085 τοῖν
1523 2055 1676 2086 παλαιῶν

1037 2103 1090 2133 καὶ
1127 2101 1193 2132 τῶν
1224 2101 1359 2132 καινῶν.
1402 2103 1473 2131 τοῖς
1507 2100 1568 2140 μὲν
1607 2098 1674 2143 γάρ

1037 2144 1078 2189 ἦν
1115 2147 1288 2188 γελοῖον
1320 2143 1339 2186 ἦ
1368 2145 1674 2201 αι’σχρολογία,

1035 2197 1106 2225 τοῖς
1140 2191 1176 2223 δὲ
1207 2192 1331 2231 μᾶλλον
1357 2189 1376 2232 7‘
1405 2189 1565 2224 tino'thta
1601 2192 1673 2225 δια-

1034 2239 1130 2280 φέοει
1157 2233 1192 2268 δ’
1226 2248 1269 2268 ου
1301 2236 1423 2278 μικρὸν
1454 2239 1559 2270 ταῦτα
1585 2237 1674 2280 πρὸς

1033 2281 1305 2324 ει’σχημυσιί·ηι·.
1335 2282 1483 2325 πότερον
1513 2279 1579 2316 οὖν
1613 2283 1675 2317 τὸν

1032 2326 1072 2362 εὖ
1099 2328 1297 2361 σκώπτοντα
1318 2326 1475 2368 ὁριστέον
1495 2331 1541 2361 τιιῑ
1566 2329 1674 2372 λέγειν

1032 2374 1076 2418 μὴ
1102 2373 1238 2417 ἀπρεπῆ
1273 2374 1476 2429 ἐλευθερίῳ,
1515 2373 1537 2418 ἢ
1566 2374 1602 2408 τὸ
1626 2375 1672 2419 μὴ

1032 2424 1148 2454 λυπεῖν
1187 2421 1246 2453 τὸν
1282 2419 1477 2458 Hammona
1519 2433 1552 2454 π.
1586 2433 1611 2453 τ.
1645 2423 1673 2454 λ.

1032 2469 1128 2500 Idem
1156 2468 1207 2499 De
1238 2468 1322 2509 Rep.
1340 2469 1415 2500 Vil-
1433 2469 1486 2502 17-
1514 2479 1546 2509 ρ
1572 2467 1671 2504 1336-

1035 2515 1065 2548 b.
1093 2515 1145 2547 ed.
1176 2515 1284 2547 Bekk.
1319 2512 1467 2555 εὔλογον
1493 2511 1558 2546 οὖν
1589 2511 1671 2546 α’πε-

1034 2558 1118 2592 λαυι
1121 2571 1170 2592 ειν
1194 2557 1262 2591 ἀπὸ
1286 2560 1351 2591 τῶι
1370 2556 1598 2599 ἀκουσμάτων
1617 2561 1672 2593 καὶ

1035 2604 1214 2648 ὁραμάτων
1240 2602 1483 2646 ἀνελευθερίας
1508 2606 1562 2637 καὶ
1568 2607 1670 2660 τηλι-

1032 2651 1184 2684 κοιῖντοις
1201 2649 1314 2684 ὅιτας.
1342 2649 1430 2683 ὅλως
1453 2650 1513 2690 μὲν
1535 2663 1601 2684 ουν
1617 2651 1669 2683 αἰ-

1031 2699 1233 2740 σχρολογιαν
1265 2696 1302 2729 ἐκ
1333 2698 1393 2739 τῆς
1423 2696 1573 2736 πόλεως,
1605 2695 1669 2730 ὥς·

1029 2756 1090 2786 περ
1116 2743 1195 2777 ἄλλο
1222 2755 1263 2781 τι,
1297 2744 1438 2786 (εἴπεο
1474 2742 1556 2776 ἄλλο
1590 2744 1670 2787 τιῗ)
