1781 2971
198 187 278 228 DE
315 186 590 230 LEGIBUS
627 187 744 228 LIB.
776 187 860 228 XI.
894 187 939 228 P.
975 191 1069 229 5³34.
1104 191 1199 230 935.
1231 186 1296 230 St.
1359 191 1438 229 :519

83 303 134 346 οὐ
174 309 342 356 πρέπον
375 308 419 345 ἐν
456 300 654 358 εὐνόμων
695 304 818 347 πόλει
855 308 1088 359 γίγνεσθαι
1131 307 1338 348 τοιοῦτον
1368 304 1442 347 ου-

83 373 156 413 δὲν
202 368 376 430 οὐδαμῇ
427 370 645 424 οὐδαμῶς.
687 369 744 420 εἷς
783 368 835 423 δὴ
885 374 981 424 περὶ
1028 377 1298 426 κακηγορίας
1332 376 1439 414 ἔστω

83 436 223 492 νόμος
243 440 339 492 περὶ
378 438 553 486 πάντας
589 435 685 479 ὅδε·
727 440 911 490 Μηδένα
948 446 1242 493 κακηγορείτω
1276 441 1438 494 μηδείς.

83 502 106 547 ὁ
145 507 189 546 δὲ
229 504 521 561 άμφιςβητιῦν
557 508 601 547 ἔν
640 520 726 546 τισι
765 506 914 559 λόγοις
949 505 1084 555 ἄλλος
1131 505 1271 559 ἄλλῳ,
1319 509 1441 548 διδα-

82 575 213 614 σκέτω
269 574 341 612 καὶ
393 573 666 625 μανθανέτω
719 572 797 615 τόν
848 590 890 615 τε
942 572 1312 630 α’μᾳιςβητοῦντα
1369 576 1439 614 καὶ

84 639 188 688 τοὺς
235 637 461 692 παρόντας
506 637 778 692 ἀπεχόμενος
821 639 999 688 παντως
1041 641 1117 682 τοῦ
1165 648 1442 694 κακηγορεῖν.

83 710 128 747 ἐκ
177 704 263 760 γὰρ
312 706 391 747 τοῦ
442 705 741 760 κατεύχεσθαί
790 722 831 748 τε
879 705 1086 757 αλλήλοις
1135 711 1442 760 ἐπαρωμένους

82 774 153 814 καὶ
191 771 247 813 δι’
282 773 472 826 αἰσχρῶν
507 771 744 826 ὀνομάτων
781 776 1001 828 ἐπιφέρειν
1037 778 1310 826 γυναικείους
1339 777 1436 815 ἑαυ-

81 846 173 887 τοῖς
207 837 374 894 φήμας,
417 840 593 894 πρῶτον
626 842 706 892 μὲν
745 843 788 880 ὲκ
825 840 987 892 λόγων,
1023 840 1194 896 κούφου
1234 841 1441 895 πραγμα-

83 922 180 954 τος,
217 910 325 960 ἔργῳ
361 908 463 960 μίση
501 921 546 947 τε
582 908 653 947 καὶ
691 908 855 960 ἔχθραι
904 906 1158 960 βαρύταται,
1196 911 1437 960 γίγνονται.

81 970 308 1028 πράγματι
337 970 424 1026 γάρ
452 971 691 1026 ἀχαρίστῳ,
731 974 879 1027 θυμῷ,
915 973 1203 1029 χαριζόμενος
1238 972 1260 1017 ὁ
1294 977 1440 1029 λέγων,

83 1038 302 1094 ἐμπιπλὰς
339 1038 478 1094 ὀργὴν
523 1041 670 1081 κακῶν
718 1040 1018 1094 ἑστιαμάτων,
1065 1040 1172 1084 ὅσον
1214 1039 1301 1084 ὑπὸ
1339 1059 1440 1084 παι-

1474 766 1555 805 935

84 1108 203 1155 δειας
241 1105 460 1160 ημερώθη
499 1112 616 1157 ποτέ,
655 1105 804 1156 παλιν,
843 1107 1055 1173 ἐξαᾷιῶν
1094 1109 1170 1159 τῆς
1207 1110 1354 1167 ψιχῆς
1391 1126 1440 1151 το
1570 1136 1579 1140 ..

83 1174 310 1221 τοιοῦτον,
348 1172 651 1228 θηριουμενος
683 1179 728 1216 ἐν
766 1177 972 1230 ὸυςκο)ιᾳ
1008 1177 1092 1227 ζῶν
1128 1181 1337 1229 γίγιεται,
1373 1193 1442 1218 πι-

84 1256 196 1294 κραν
244 1241 322 1281 τοῦ
373 1242 528 1293 θυιιοῦ
572 1241 706 1296 χάριν
753 1241 1092 1297 αποδεχόμειος.
1142 1244 1443 1297 μετεκβαίνειν

85 1310 129 1349 δὲ
165 1298 221 1349 αὗ
260 1324 350 1354 πως
399 1309 588 1350 εἰώθασι
635 1306 800 1357 παντες
838 1308 970 1362 ι’)αμα
1011 1314 1056 1351 ἐν
1094 1318 1185 1359 τοῖς
1221 1308 1442 1359 τοιούτοις

84 1378 144 1423 εἰς
182 1372 231 1415 τό
271 1390 313 1416 τι
347 1378 520 1428 γελοῖον
555 1378 650 1430 περὶ
690 1376 769 1417 τοῦ
809 1380 1012 1419 ἐναντίου
1062 1379 1375 1434 φθέγγεσθαι·
1415 1376 1436 1420 ὅ

85 1457 149 1490 τις
185 1439 446 1493 ἐθιζόμενος
495 1440 637 1489 οὐδεὶς
674 1439 849 1485 πώποτε
889 1440 936 1492 ὃς
973 1443 1024 1486 οὑ
1064 1445 1142 1486 τοῦ
1193 1447 1438 1487 σπουδαίου

83 1508 255 1564 τρόπου
295 1507 394 1559 ἦτοι
432 1508 480 1551 τὸ
533 1507 751 1564 παράπαν
802 1510 1041 1566 διήμαρτεν
1079 1508 1103 1563 ἢ
1146 1515 1443 1565 μεγαλονοίας

86 1660 119 1681 o.
148 1649 272 1681 Paullo
299 1654 379 1681 ante
404 1649 499 1681 Flor.
526 1647 554 1683 δ,
583 1659 632 1691 pr.
660 1650 696 1680 ἔν
721 1659 784 1681 τισι
810 1647 928 1692 λόγοις
955 1649 1057 1684 ἄλλος
1072 1650 1205 1691 ἄλλον,
1231 1654 1324 1695 quod
1359 1664 1440 1696 pro-

84 1696 145 1728 bat
174 1696 386 1728 Winckelm.

179 1741 218 1773 P.
245 1742 323 1776 935.
374 1737 520 1773 οὐδεὶς
556 1739 727 1774 πώποτε
762 1739 807 1774 ὃς
844 1739 893 1774 ου’
932 1744 1008 1774 τοῦ
1045 1743 1130 1785 στι]
1169 1742 1247 1776 ὅσοι
1285 1745 1347 1776 τοῦ
1385 1754 1440 1778 σπ.

88 1787 192 1820 Voss.
218 1798 252 1820 x.
280 1789 361 1821 Par.
390 1790 433 1819 A.
461 1792 495 1819 et
520 1787 600 1822 fort.
632 1785 670 1819 Ω.

90 1900 154 1931 los
179 1910 421 1941 sermones.
446 1899 526 1932 Non
545 1911 633 1942 opus
650 1911 731 1933 con·

88 1947 222 1977 iectura
269 1946 646 1978 VVinckelmanni
696 1945 733 1977 ἐν

91 1991 213 2031 πραέσι
239 1990 374 2032 hirom,-
404 2001 468 2023 nec
497 1993 612 2033 placet
635 1993 731 2024 Bai-

91 2044 216 2069 tetus
251 2038 375 2079 refingi
408 2038 549 2070 iubens:
591 2038 628 2069 ἒν
669 2048 733 2069 τισι

800 1899 978 1943 βαρυτάτη
1003 1901 1188 1942 ζημιά.ιώί
1218 1914 1247 1934 v.
1264 1913 1342 1938 ann.
1369 1902 1441 1946 Op-

800 1948 943 1989 ponitur
969 1948 1069 1989 ἔργῳ.
1094 1966 1138 1972 -

848 1990 1065 2034 πράγματι
1108 1991 1191 2034 γὰρ
1224 1989 1441 2037 α’χαριόιῳ

801 2037 945 2080 θυμῷ,
980 2038 1044 2080 -]
1090 2040 1251 2071 etenim
1287 2041 1347 2071 rei
1382 2040 1441 2072 in-

93 2081 286 2125 συλλόγοις.
313 2084 406 2115 Dein
433 2086 654 2116 accusativus
673 2084 733 2115 τόν

92 2141 126 2161 te
149 2128 435 2171 ἀμφισβητοῦντα
464 2140 491 2160 κ.
520 2141 545 2161 τ.
573 2130 600 2162 J..
637 2131 732 2171 quod

89 2177 219 2218 pendet
244 2186 285 2207 ex
318 2177 509 2208 remotiore
541 2176 609 2209 isto
641 2175 734 2208 διδα-

92 2220 216 2259 σκέτω,
255 2224 326 2254 alia
355 2223 391 2254 id
423 2232 534 2263 genus
571 2225 733 2265 exempla

90 2269 341 2309 adscripsimus
383 2269 429 2300 ad
478 2268 660 2304 Phaedon.
697 2280 729 2311 p.

91 2314 147 2348 94.
173 2314 219 2346 D.
229 2333 237 2339 -

139 2380 370 2422 ἐπιφέρειν
395 2386 732 2425 γυναικείους-

59 2426 259 2469 ’φήμαςζὶ
291 2429 459 2461 inferre
491 2432 732 2463 muliebres

93 2485 299 2512 rumores,
326 2475 358 2507 h.
376 2485 404 2507 e.
425 2485 657 2517 conspergere
681 2478 732 2509 fa-

93 2532 183 2553 mam
231 2521 332 2552 malis
361 2522 576 2561 rumoribus,
612 2525 731 2564 quales

93 2568 318 2599 mulierculae
344 2567 459 2599 solent
488 2578 659 2610 usurpare
692 2580 733 2601 ac

94 2613 301 2645 diffundere.

138 2683 180 2715 P.
202 2683 282 2718 935.
312 2681 354 2714 ἐκ
380 2680 532 2722 λόγων,
559 2681 732 2723 κούφου

95 2728 359 2772 πράγματος]
387 2728 482 2760 Libr.
508 2729 570 2760 IV.
599 2740 631 2771 p.
649 2730 729 2764 727.

94 2774 133 2806 C.
170 2774 314 2816 κούφων
352 2776 404 2807 καὶ
444 2775 579 2816 πτηνῶν
619 2773 731 2817 λόγων

802 2088 976 2127 gratae,
1009 2086 1301 2125 iracundiae,
1337 2096 1441 2128 gra-

801 2130 984 2170 tificans
1009 2132 1120 2172 (quod
1145 2142 1206 2173 per
1231 2142 1442 2173 paronoma-

803 2177 888 2208 siam
918 2176 1063 2218 dictum)
1090 2179 1146 2218 is,
1174 2179 1240 2219 qui
1266 2179 1441 2210 maledi-

802 2223 877 2259 cit,
911 2224 1014 2255 iram
1058 2224 1209 2264 explet
1245 2225 1374 2256 malis
1408 2235 1441 2255 e-

801 2269 941 2310 pulis,
967 2275 1001 2301 et
1025 2275 1227 2310 quantum
1255 2269 1356 2301 olim
1381 2271 1441 2301 in-

800 2316 1046 2347 stitutione
1093 2325 1142 2347 ac
1201 2316 1443 2357 disciplina

800 2362 1140 2393 mansuefactus
1168 2367 1248 2400 est,
1276 2366 1444 2393 tantum

800 2417 950 2439 rursus
977 2408 1197 2439 efferatur
1233 2408 1374 2440 animo
1402 2413 1445 2439 et

801 2453 1021 2485 efferatus
1078 2453 1348 2485 morositate
1397 2464 1443 2485 ac

801 2501 1001 2531 tristitia
1035 2500 1172 2530 vitam
1204 2500 1442 2541 transigit,

801 2546 1004 2577 acerbam
1048 2546 1311 2577 iracundiae
1349 2556 1441 2587 gra-

800 2593 903 2623 tiam
931 2591 1167 2632 accipiens.
1213 2587 1439 2633 ‘Eoua'ua-

801 2649 844 2669 τα
870 2638 911 2669 de
937 2637 1157 2669 sermonibus
1188 2638 1341 2669 animum
1366 2643 1441 2669 tan-

800 2694 903 2725 quam
918 2683 1140 2724 p·1scentibus
1154 2693 1225 2714 non
1238 2684 1440 2725 infrequens

799 2741 875 2761 esse
902 2729 1093 2768 docebunt,
1120 2739 1209 2770 quae
1235 2731 1440 2771 scripsimus

798 2777 842 2809 ad
868 2776 957 2808 Tim.
982 2786 1014 2817 p
1043 2775 1096 2810 17-
