1781 2971
332 160 717 204 EPINOMIS.
764 162 811 203 Ρ.
845 163 939 202 990.
975 163 1068 203 991.
1103 160 1166 203 st.
1353 162 1433 201 533

79 285 174 324 σίου
222 279 309 322 κατ’
362 278 569 335 ἀριθμὸν
601 281 646 321 ἓν
685 277 796 334 προς
843 280 922 321 δυο
969 276 1080 319 κατά
1121 276 1255 331 λόγον
1303 294 1434 335 φερο-

77 353 205 403 μένη.
252 347 485 390 διπλάσιον
523 350 566 388 δε
607 345 629 397 ἡ
669 345 780 387 κατὰ
821 349 1012 401 ὔυναμιν
1057 338 1192 387 οὖσα·
1236 343 1257 395 ἡ
1297 344 1333 387 ι)’
1377 348 1436 392 εἰς

79 415 128 458 τὸ
167 416 344 470 στερεόν
384 431 425 456 τε
463 417 533 456 καὶ
580 411 726 455 ἁπτὸν
773 414 907 455 πάλιν
944 407 1001 454 αὖ
1052 413 1308 461 διπλάσιον,
1354 410 1427 468 ἀφ’

79 481 178 532 ἐνὸς
214 486 272 532 εἰς
307 480 421 524 ὀκτώ
460 484 831 536 διαπορευθεῐσα·
874 479 897 533 ἡ
935 484 977 523 ὑὲ
1016 483 1242 522 διπλασίου
1271 481 1351 532 μὲν
1378 484 1436 527 εὶς

78 555 232 605 μέσον,
275 548 374 598 ἴσως
411 551 455 590 δε
498 550 572 590 τοῦ
610 548 844 597 ἐλάττονος
884 551 1015 590 πλέον
1051 548 1235 589 ἔλαττόν
1278 563 1317 588 τε
1356 548 1433 588 τοῦ

78 619 298 672 μείζονος,
336 613 385 658 τὸ
427 614 464 657 δ’
518 620 667 670 ἕτερον
720 617 778 669 τῷ
828 614 949 668 αὐτῷ
994 619 1109 670 με’ρει
1158 616 1244 655 τῶν
1287 611 1434 669 ἄκρων

79 683 230 727 αὐτῶν
267 682 479 738 ὑπερέχον
514 699 555 724 τε
593 685 664 724 καὶ
701 680 1023 738 ὑπερεχόμενον
1063 708 1115 712 -—
1159 686 1203 723 ἐν
1239 686 1352 734 μέσῳ
1391 682 1434 722 (δὲ

82 752 161 794 τοῦ
200 750 243 802 ἓξ
280 750 391 807 πρὸς
430 748 481 792 τὰ
532 749 695 792 δώδεκα
743 750 897 804 ξυνέβη
937 749 983 791 τό
1024 765 1065 790 τε
1114 746 1316 802 ἡμιόλιον
1363 750 1434 789 καὶ

79 822 304 874 ἐπίτριτον
351 842 399 846 -
447 815 617 859 τούτων
666 816 814 857 αὐτῶν
851 821 896 858 ἐν
936 818 993 870 τῷ
1030 824 1144 870 μεσῳ
1181 814 1238 857 ἐπ’
1283 813 1432 872 α’μᾳό·

82 903 184 939 τερα
230 890 503 941 στρεφομένη
554 890 647 932 τοῖς
694 882 962 938 ἀνθρώποις
1000 884 1235 940 συμᾳωνον
1279 885 1431 938 χρείαν

80 956 151 994 καὶ
196 950 445 1005 σύμμετρον
495 949 763 1003 (ἐπενείματο
813 953 993 1000 maronie
1038 949 1222 1007 ῥυθμοῦ
1271 966 1313 991 τε
1359 952 1431 990 καὶ

80 1018 299 1075 ἁρμονίας
331 1017 487 1073 χάριν,
534 1017 758 1072 εὐῠαίμονι
790 1024 942 1073 χορείᾳ
982 1019 1177 1060 ῙὶΙοινσιῖιν
1214 1019 1434 1071 δεδομένη.

84 1149 286 1190 γεωμετρίαν
315 1146 355 1178 Ζ.
384 1153 417 1178 et
444 1157 532 1178 corr.
561 1146 589 1178 δ.
620 1159 648 1178 ο.
679 1151 940 1188 σιερεομετρίαν.

179 1195 214 1227 Ρ.
238 1194 318 1226 991.

372 1189 447 1233 ἡδ’
474 1193 534 1224 εἰς
561 1192 602 1224 τὸ
632 1194 826 1237 στερεόν]
855 1194 905 1226 δίς
931 1206 993 1235 pro
1021 1191 1053 1225 b⁷
1080 1204 1127 1226 εις
1153 1192 1266 1225 ΑΩΖ
1293 1205 1321 1225 a.
1351 1192 1377 1223 δ.

174 1240 214 1271 Β.
264 1237 436 1281 ῥυθμοῦ
463 1240 522 1280 τε]
550 1236 704 1281 ἀριθμοῦ
732 1242 833 1273 Voss.

85 1332 241 1372 duplum,
269 1332 343 1371 περὶ
372 1329 618 1363 donidium:
646 1343 723 1364 nam

84 1380 113 1409 si
143 1378 185 1409 de
212 1379 320 1408 latere
346 1377 377 1409 2
409 1378 468 1409 fiat
494 1378 540 1416 4.‚
574 1380 722 1419 quadra-

83 1431 154 1455 tum
182 1425 248 1455 erit
273 1423 415 1464 duplum
441 1425 559 1456 lateris
579 1426 610 1457 2.
640 1424 725 1456 Cor—

83 1471 179 1511 poris
216 1480 355 1511 quoque
388 1480 448 1501 seu
481 1471 586 1502 solidi
623 1481 725 1511 gene-

84 1517 172 1547 ratio
200 1521 252 1547 est
278 1516 313 1546 in
341 1516 459 1556 duplo.
510 1517 600 1548 Nam
627 1518 654 1548 si
670 1528 724 1548 cu-

83 1563 164 1593 bum
192 1571 235 1592 ex
262 1562 433 1602 quadrato
447 1561 480 1596 4.
507 1568 541 1593 et
567 1564 674 1594 latere
693 1564 725 1596 2.

84 1609 230 1646 feceris,
267 1608 407 1639 dabitur
439 1608 470 1641 8.
505 1610 561 1649 qui
599 1610 726 1649 duplus

85 1659 147 1687 est.
206 1654 382 1694 Analogia
415 1655 553 1685 tandem
589 1655 725 1686 harmo-

84 1702 163 1731 nica
202 1700 235 1730 in
279 1700 385 1740 duplo
425 1708 585 1731 versatur
621 1711 725 1742 penes

84 1746 252 1777 terminos
287 1751 479 1786 extremos,
511 1753 545 1777 et
577 1747 726 1778 efficitur

84 1797 239 1824 assumto
266 1792 381 1823 medio
408 1794 569 1832 termino,
591 1794 649 1834 qui
669 1804 725 1824 su·

86 1843 183 1879 peret
233 1839 430 1876 minimum,
482 1845 664 1880 superetur
706 1850 726 1870 a

87 1884 219 1915 maiore
245 1881 366 1914 eedem
393 1890 624 1916 extremorum
647 1896 724 1925 par-

86 1938 137 1968 te3
177 1934 212 1959 ut
248 1928 281 1962 3.
307 1928 338 1961 4.
366 1928 397 1962 6.
439 1931 473 1961 in
509 1940 549 1961 ea
587 1932 725 1961 termini

88 1975 233 2007 extremi
259 1975 355 2016 dupli
382 1981 480 2014 sunt,
513 1982 546 2006 et.
577 1978 727 2007 medium

89 2026 230 2062 superat
247 2022 425 2051 minimum
442 2023 545 2052 tertia
561 2023 632 2053 eius
649 2033 727 2063 par-

90 2074 142 2107 te,
174 2077 296 2108 nempe
322 2067 373 2105 1.,
407 2072 441 2098 et
470 2077 491 2099 a
515 2069 646 2100 maiore
673 2079 728 2100 su·

90 2119 231 2156 petatur
265 2114 369 2144 tertia
401 2114 505 2144 etiam
538 2115 590 2146 sui
618 2120 727 2155 parte,

89 2169 212 2200 nempe
238 2158 269 2191 1.
321 2160 575 2200 Analogiarum
592 2171 675 2201 ergo
696 2166 729 2191 et

90 2205 378 2247 progressionum
413 2211 509 2237 ortus
540 2208 632 2238 circa
667 2208 728 2238 du-

90 2253 185 2293 plum
217 2256 418 2291 versantur,
456 2253 553 2284 cuius
586 2251 729 2293 πυθμὴν

92 2298 237 2329 rationis
264 2301 316 2328 est
335 2295 429 2331 δυάς,
458 2309 546 2339 quae
572 2300 729 2331 materiei

92 2347 145 2375 est
180 2342 348 2382 analoga,
393 2345 427 2374 in
468 2355 536 2384 qua
571 2350 604 2377 et
639 2346 730 2376 circa

94 2398 197 2430 quam
229 2398 348 2419 omnes
381 2396 563 2422 versantur
587 2402 728 2431 genera-

94 2435 246 2466 tiones.“
296 2434 392 2465 Haeo
415 2436 522 2475 igitur
545 2437 727 2470 Bullial-

94 2482 172 2512 dus
204 2480 336 2520 insigni
373 2490 456 2512 sane
485 2483 658 2523 acumine,
693 2488 730 2514 ut

93 2528 172 2558 loco
198 2526 445 2559 obscurissimo
463 2528 573 2559 lucem
588 2529 647 2560 diu
670 2530 728 2560 de-

95 2573 282 2604 sideratam
299 2571 467 2605 affudisse
481 2575 729 2607 existimandus

95 2620 150 2650 sit.

166 2675 205 2706 P.
231 2674 310 2709 991.
369 2671 386 2715 ἡ
420 2674 462 2707 δὲ
499 2675 731 2708 διπλασίου

96 2721 166 2760 μὲν
191 2719 252 2752 εἰς
279 2721 413 2758 μέσον
433 2723 487 2763 -]
514 2723 646 2764 ,,Ι)ιιρ1ἰ
673 2734 731 2755 au-

97 2772 165 2798 tem
197 2767 360 2808 analogia
395 2779 499 2801 unum
530 2769 632 2801 habet
665 2780 732 2801 me-

794 1333 887 1364 dium
925 1332 1118 1372 arqualiter
1156 1331 1290 1361 minore
1321 1329 1432 1361 maius

795 1385 827 1409 et
845 1381 977 1410 minore
998 1379 1127 1413 minus;
1155 1378 1302 1407 alterum
1319 1381 1433 1407 autem

793 1427 913 1457 eadem
950 1429 1047 1465 parte
1081 1428 1313 1454 extremorum
1339 1423 1433 1462 ipso-

793 1483 868 1502 rum
886 1481 1055 1511 superans
1071 1474 1104 1500 et
1123 1473 1333 1509 superatum.
1357 1468 1433 1499 Hoc

793 1534 908 1559 autem
934 1529 967 1558 in
994 1528 1108 1558 medio
1145 1528 1188 1558 Vl
1217 1531 1250 1557 et
1278 1525 1342 1556 ΧΗ
1376 1534 1431 1556 ae-

794 1575 899 1613 cidit,
941 1579 1011 1604 tum
1058 1574 1323 1614 sesquialterum
1360 1576 1431 1601 tum

796 1621 1041 1661 supertertium
1067 1620 1190 1650 horum
1215 1620 1372 1659 ipsorum
1396 1617 1431 1647 in

795 1668 908 1697 medio
933 1667 968 1696 in
994 1671 1173 1706 utramque
1198 1669 1330 1705 partem
1356 1673 1430 1693 ver-

795 1723 894 1751 sans,
917 1713 1117 1743 hominibus
1145 1720 1333 1742 consonam
1365 1710 1431 1739 uti-

795 1761 925 1790 litatem
953 1764 987 1788 et
1019 1762 1268 1798 congruentem
1297 1755 1431 1794 tribuit,

795 1805 1025 1843 eruditionis,
1057 1804 1208 1844 rhythmi
1236 1808 1269 1833 et
1293 1802 1430 1833 harmo-

794 1853 871 1882 niae
887 1852 1011 1891 grassa,
1037 1850 1129 1881 felici
1147 1850 1326 1880 Musarum
1350 1847 1431 1878 cho-

795 1908 874 1928 reae
907 1897 1072 1927 donata.“
1129 1896 1182 1927 Ita
1214 1895 1300 1926 haee
1325 1896 1431 1924 inter-

794 1947 952 1983 pretatur
984 1942 1244 1972 Meibornius
1289 1940 1333 1971 ad
1367 1938 1431 1969 Ni-

796 1988 949 2019 comach.
978 1988 1096 2019 Harm.
1123 1987 1218 2025 Libr,
1244 1986 1290 2018 II.
1316 1995 1347 2025 p.
1376 1984 1430 2017 (30.

797 2034 893 2071 Quae
920 2034 1058 2074 quidem
1079 2034 1260 2073 aliquanto
1281 2031 1431 2062 clariora

795 2081 879 2111 fient
903 2084 936 2110 et
961 2080 1168 2116 illustriora,
1201 2078 1259 2108 ubi
1294 2086 1431 2116 compa-

796 2127 949 2165 raveris,
989 2136 1076 2166 quae
1116 2125 1160 2156 ad
1191 2124 1280 2155 Tim.
1314 2134 1347 2164 p.
1373 2121 1428 2156 35.

796 2172 891 2203 R:
911 2183 942 2213 p.
966 2172 1045 2205 148.
1072 2172 1123 2203 ed.
1151 2169 1256 2201 Goth.
1284 2170 1326 2200 de
1351 2179 1431 2209 pro-

796 2219 957 2259 portione
983 2218 1194 2258 geometriea
1218 2217 1347 2257 pariter
1380 2220 1430 2246 at-

797 2274 861 2305 que
875 2265 1091 2295 arithmetica
1106 2264 1341 2303 exposuimus.
1356 2261 1430 2291 Ad·

797 2311 928 2341 didisse
945 2311 1047 2341 etiam
1067 2310 1200 2341 iuvabit
1216 2318 1302 2349 quae
1329 2307 1430 2338 docte

798 2358 960 2397 exposuit
985 2357 1147 2388 Astius.
1190 2353 1238 2385 Τὸ
1266 2351 1429 2394 ἡμιόλιον,

797 2404 926 2444 inquit,
973 2403 1112 2438 (ratio
1164 2400 1428 2441 sesquialte-

798 2460 859 2487 ra,
888 2448 926 2481 3:
953 2448 985 2486 2,
1011 2448 1044 2479 h.
1070 2459 1098 2479 e.
1132 2446 1223 2488 172),
1249 2452 1300 2477 est
1329 2445 1366 2481 9,
1393 2452 1430 2476 ut

798 2495 857 2536 qui
882 2504 1043 2525 numerus
1069 2500 1179 2525 totum
1204 2492 1240 2531 6,
1260 2497 1305 2531 ret
1332 2493 1430 2524 dimi-

798 2542 889 2571 diam
915 2541 989 2570 eius
1016 2546 1159 2580 partem,
1185 2538 1218 2577 3,
1244 2540 1428 2570 contineat.

803 2584 851 2618 Τὸ
877 2584 1043 2626 ἐπίτριτον
1072 2597 1154 2618 vero
1181 2585 1320 2625 (ratio
1347 2595 1428 2616 ses·

799 2633 1042 2673 quitertia,
1077 2632 1098 2665 4
1125 2631 1177 2665 :3
1203 2641 1228 2662 s.
1264 2630 1347 2673 173)
1377 2637 1430 2662 est

800 2678 832 2717 8,
858 2683 967 2709 totum
994 2678 1026 2717 6,
1053 2684 1086 2708 et
1111 2679 1246 2709 tertiam
1263 2678 1336 2708 eius
1351 2687 1430 2717 pai·-

800 2729 886 2763 tem,
911 2724 942 2762 2,
969 2725 1210 2764 complectens.
1258 2722 1430 2754 Numerus

801 2781 924 2803 noveni
952 2770 1077 2803 deinde
1094 2771 1272 2803 Musarum
1292 2769 1431 2800 nomine

1467 819 1505 860 Β
