<?xml version="1.0" encoding="UTF-8"?>
<!DOCTYPE html PUBLIC "-//W3C//DTD XHTML 1.0 Transitional//EN"
    "http://www.w3.org/TR/xhtml1/DTD/xhtml1-transitional.dtd">
<html xmlns="http://www.w3.org/1999/xhtml" xml:lang="en" lang="en">
 <head>
  <title>
</title>
<meta http-equiv="Content-Type" content="text/html;charset=utf-8" />
  <meta name='ocr-system' content='tesseract 3.04.00' />
  <meta name='ocr-capabilities' content='ocr_page ocr_carea ocr_par ocr_line ocrx_word'/>
</head>
<body>
  <div class='ocr_page' id='page_1' title='image "./n3operaomniarecens10platuoft/n3operaomniarecens10platuoft_0275.png"; bbox 0 0 1781 2971; ppageno 0'>
   <div class='ocr_carea' id='block_1_1' title="bbox 256 148 1410 193">
    <p class='ocr_par' dir='ltr' id='par_1_1' title="bbox 256 148 1410 193">
     <span class='ocr_line' id='line_1_1' title="bbox 256 148 1410 193; baseline -0.002 -1"><span class='ocrx_word' id='word_1_1' title='bbox 256 152 335 193; x_wconf 87' lang='lat' dir='ltr'><em>DE</em></span> <span class='ocrx_word' id='word_1_2' title='bbox 373 149 644 193; x_wconf 79' lang='lat' dir='ltr'>LEGIBUS</span> <span class='ocrx_word' id='word_1_3' title='bbox 685 149 797 190; x_wconf 62' lang='lat' dir='ltr'><strong>IJIB.</strong></span> <span class='ocrx_word' id='word_1_4' title='bbox 832 148 913 190; x_wconf 92' lang='lat' dir='ltr'><strong>XI.</strong></span> <span class='ocrx_word' id='word_1_5' title='bbox 953 150 998 190; x_wconf 89' lang='lat' dir='ltr'><em>P.</em></span> <span class='ocrx_word' id='word_1_6' title='bbox 1035 148 1129 190; x_wconf 69' lang='lat'><strong>920.</strong></span> <span class='ocrx_word' id='word_1_7' title='bbox 1163 149 1225 190; x_wconf 79' lang='lat' dir='ltr'><em>St.</em></span> <span class='ocrx_word' id='word_1_8' title='bbox 1331 148 1410 190; x_wconf 76' lang='lat'><em>271</em></span> 
     </span>
    </p>
   </div>
   <div class='ocr_carea' id='block_1_2' title="bbox 60 266 1418 1132">
    <p class='ocr_par' dir='ltr' id='par_1_2' title="bbox 60 266 1418 1132">
     <span class='ocr_line' id='line_1_2' title="bbox 64 266 1413 325; baseline -0.003 -13"><span class='ocrx_word' id='word_1_9' title='bbox 64 267 258 325; x_wconf 80' lang='grc' dir='ltr'><em>τάξαμεν</em></span> <span class='ocrx_word' id='word_1_10' title='bbox 299 269 375 319; x_wconf 82' lang='grc' dir='ltr'><em>τῆς</em></span> <span class='ocrx_word' id='word_1_11' title='bbox 411 270 656 323; x_wconf 78' lang='grc' dir='ltr'><strong><em>κιβδηλείας</em></strong></span> <span class='ocrx_word' id='word_1_12' title='bbox 695 274 811 320; x_wconf 75' lang='grc' dir='ltr'><em>πὲρι,</em></span> <span class='ocrx_word' id='word_1_13' title='bbox 849 266 1084 321; x_wconf 77' lang='grc' dir='ltr'><em>ξυγγενοῦς</em></span> <span class='ocrx_word' id='word_1_14' title='bbox 1122 267 1264 321; x_wconf 75' lang='grc' dir='ltr'><em>τούτῳ</em></span> <span class='ocrx_word' id='word_1_15' title='bbox 1302 267 1413 321; x_wconf 81' lang='grc' dir='ltr'><em>πρά·</em></span> 
     </span>
     <span class='ocr_line' id='line_1_3' title="bbox 60 333 1414 391; baseline -0.002 -13"><span class='ocrx_word' id='word_1_16' title='bbox 60 353 255 391; x_wconf 80' lang='grc' dir='ltr'><em>γματος,</em></span> <span class='ocrx_word' id='word_1_17' title='bbox 303 335 610 383; x_wconf 70' lang='grc' dir='ltr'><em>συνελθόντας</em></span> <span class='ocrx_word' id='word_1_18' title='bbox 664 337 707 376; x_wconf 79' lang='grc' dir='ltr'><em>δὲ</em></span> <span class='ocrx_word' id='word_1_19' title='bbox 749 336 854 376; x_wconf 72' lang='grc' dir='ltr'><em>ἰδεῖν</em></span> <span class='ocrx_word' id='word_1_20' title='bbox 898 333 1050 389; x_wconf 76' lang='grc' dir='ltr'><em>λῆμμά</em></span> <span class='ocrx_word' id='word_1_21' title='bbox 1101 350 1144 376; x_wconf 82' lang='grc' dir='ltr'><em>τε</em></span> <span class='ocrx_word' id='word_1_22' title='bbox 1193 336 1264 376; x_wconf 79' lang='grc' dir='ltr'><em>καὶ</em></span> <span class='ocrx_word' id='word_1_23' title='bbox 1300 333 1414 376; x_wconf 78' lang='grc' dir='ltr'><em>ἀνά-</em></span> 
     </span>
     <span class='ocr_line' id='line_1_4' title="bbox 61 399 1412 458; baseline -0.001 -13"><span class='ocrx_word' id='word_1_24' title='bbox 61 406 183 457; x_wconf 86' lang='grc' dir='ltr'><em>λωμα</em></span> <span class='ocrx_word' id='word_1_25' title='bbox 221 406 262 445; x_wconf 89' lang='grc' dir='ltr'><em>τί</em></span> <span class='ocrx_word' id='word_1_26' title='bbox 299 419 405 445; x_wconf 83' lang='grc' dir='ltr'><em>ποτε</em></span> <span class='ocrx_word' id='word_1_27' title='bbox 440 403 499 456; x_wconf 77' lang='grc' dir='ltr'><em>τῷ</em></span> <span class='ocrx_word' id='word_1_28' title='bbox 539 400 722 454; x_wconf 80' lang='grc' dir='ltr'><em>καπήλῳ</em></span> <span class='ocrx_word' id='word_1_29' title='bbox 768 402 917 454; x_wconf 77' lang='grc' dir='ltr'><em>κέρδος</em></span> <span class='ocrx_word' id='word_1_30' title='bbox 961 408 1078 443; x_wconf 82' lang='grc' dir='ltr'><em>ποιεῖ</em></span> <span class='ocrx_word' id='word_1_31' title='bbox 1125 399 1173 443; x_wconf 88' lang='grc' dir='ltr'><em>τὸ</em></span> <span class='ocrx_word' id='word_1_32' title='bbox 1221 406 1412 458; x_wconf 79' lang='grc' dir='ltr'><em>μέτριον,</em></span> 
     </span>
     <span class='ocr_line' id='line_1_5' title="bbox 60 465 1414 529; baseline -0.001 -17"><span class='ocrx_word' id='word_1_33' title='bbox 60 470 330 529; x_wconf 73' lang='grc' dir='ltr'><em>γράψαντας</em></span> <span class='ocrx_word' id='word_1_34' title='bbox 378 471 422 511; x_wconf 80' lang='grc' dir='ltr'><em>δὲ</em></span> <span class='ocrx_word' id='word_1_35' title='bbox 467 472 621 511; x_wconf 75' lang='grc' dir='ltr'><em>θεῖναι</em></span> <span class='ocrx_word' id='word_1_36' title='bbox 667 465 717 509; x_wconf 84' lang='grc' dir='ltr'><em>τὸ</em></span> <span class='ocrx_word' id='word_1_37' title='bbox 765 468 1026 522; x_wconf 76' lang='grc' dir='ltr'><em>γιγνόμενον</em></span> <span class='ocrx_word' id='word_1_38' title='bbox 1078 466 1295 522; x_wconf 77' lang='grc' dir='ltr'><em>ἀνάλωμα</em></span> <span class='ocrx_word' id='word_1_39' title='bbox 1342 471 1414 510; x_wconf 76' lang='grc' dir='ltr'><em>καὶ</em></span> 
     </span>
     <span class='ocr_line' id='line_1_6' title="bbox 60 533 1414 594; baseline -0.001 -15"><span class='ocrx_word' id='word_1_40' title='bbox 60 540 210 592; x_wconf 80' lang='grc' dir='ltr'><em>λῆμμα</em></span> <span class='ocrx_word' id='word_1_41' title='bbox 258 539 330 579; x_wconf 85' lang='grc' dir='ltr'><em>καὶ</em></span> <span class='ocrx_word' id='word_1_42' title='bbox 376 535 642 594; x_wconf 74' lang='grc' dir='ltr'><em>φυλάττειν,</em></span> <span class='ocrx_word' id='word_1_43' title='bbox 689 534 742 576; x_wconf 81' lang='grc' dir='ltr'><em>τά</em></span> <span class='ocrx_word' id='word_1_44' title='bbox 782 537 861 588; x_wconf 73' lang='grc' dir='ltr'><em>μὲν</em></span> <span class='ocrx_word' id='word_1_45' title='bbox 899 535 1234 589; x_wconf 79' lang='grc' dir='ltr'><em>ἀγορανόμους,</em></span> <span class='ocrx_word' id='word_1_46' title='bbox 1273 533 1327 575; x_wconf 77' lang='grc' dir='ltr'><em>τά</em></span> <span class='ocrx_word' id='word_1_47' title='bbox 1370 537 1414 577; x_wconf 78' lang='grc' dir='ltr'><em>δὲ</em></span> 
     </span>
     <span class='ocr_line' id='line_1_7' title="bbox 60 599 1417 659; baseline -0.003 -12"><span class='ocrx_word' id='word_1_48' title='bbox 60 604 365 659; x_wconf 76' lang='grc' dir='ltr'><em>α’στυνόμους,</em></span> <span class='ocrx_word' id='word_1_49' title='bbox 414 602 468 644; x_wconf 81' lang='grc' dir='ltr'><em>τά</em></span> <span class='ocrx_word' id='word_1_50' title='bbox 521 604 563 645; x_wconf 81' lang='grc' dir='ltr'><em>ὁὲ</em></span> <span class='ocrx_word' id='word_1_51' title='bbox 607 600 905 656; x_wconf 77' lang='grc' dir='ltr'><em>ἀγρονόμους.</em></span> <span class='ocrx_word' id='word_1_52' title='bbox 965 607 1035 644; x_wconf 85' lang='grc' dir='ltr'><em>καὶ</em></span> <span class='ocrx_word' id='word_1_53' title='bbox 1077 601 1231 656; x_wconf 82' lang='grc' dir='ltr'><em>σχεδὸν</em></span> <span class='ocrx_word' id='word_1_54' title='bbox 1275 599 1417 651; x_wconf 79' lang='grc' dir='ltr'><em>οὕτως</em></span> 
     </span>
     <span class='ocr_line' id='line_1_8' title="bbox 60 666 1413 744; baseline -0.003 -30"><span class='ocrx_word' id='word_1_55' title='bbox 60 669 119 713; x_wconf 74' lang='grc' dir='ltr'><em>ἂν</em></span> <span class='ocrx_word' id='word_1_56' title='bbox 169 674 381 723; x_wconf 84' lang='grc' dir='ltr'><em>καπηλεία</em></span> <span class='ocrx_word' id='word_1_57' title='bbox 430 667 483 711; x_wconf 76' lang='grc' dir='ltr'><em>τά</em></span> <span class='ocrx_word' id='word_1_58' title='bbox 529 672 609 744; x_wconf 79' lang='grc' dir='ltr'><em>μὲν</em></span> <span class='ocrx_word' id='word_1_59' title='bbox 653 668 820 726; x_wconf 73' lang='grc' dir='ltr'><em>ώᾳελοῖ</em></span> <span class='ocrx_word' id='word_1_60' title='bbox 864 666 1095 718; x_wconf 81' lang='grc' dir='ltr'><em>ἑκάστους,</em></span> <span class='ocrx_word' id='word_1_61' title='bbox 1138 668 1413 721; x_wconf 80' lang='grc' dir='ltr'><em>σμικρότατα</em></span> 
     </span>
     <span class='ocr_line' id='line_1_9' title="bbox 62 735 1270 792; baseline -0.004 -11"><span class='ocrx_word' id='word_1_62' title='bbox 62 741 106 781; x_wconf 75' lang='grc' dir='ltr'><em>δὲ</em></span> <span class='ocrx_word' id='word_1_63' title='bbox 143 756 202 780; x_wconf 87' lang='grc' dir='ltr'><em>αν</em></span> <span class='ocrx_word' id='word_1_64' title='bbox 236 737 431 792; x_wconf 79' lang='grc' dir='ltr'><em>βλάπτοι</em></span> <span class='ocrx_word' id='word_1_65' title='bbox 467 753 571 784; x_wconf 89' lang='grc' dir='ltr'><em>τους</em></span> <span class='ocrx_word' id='word_1_66' title='bbox 606 741 652 778; x_wconf 80' lang='grc' dir='ltr'><em>ἐν</em></span> <span class='ocrx_word' id='word_1_67' title='bbox 687 743 784 785; x_wconf 87' lang='grc' dir='ltr'><em>ταῖς</em></span> <span class='ocrx_word' id='word_1_68' title='bbox 819 735 972 778; x_wconf 78' lang='grc' dir='ltr'><em>πόλεσι</em></span> <span class='ocrx_word' id='word_1_69' title='bbox 1003 739 1270 791; x_wconf 74' lang='grc' dir='ltr'><em>χρωμένους.</em></span> 
     </span>
     <span class='ocr_line' id='line_1_10' title="bbox 160 799 1410 864; baseline -0.003 -17"><span class='ocrx_word' id='word_1_70' title='bbox 160 803 273 864; x_wconf 81' lang='lat' dir='ltr'><strong>Cap.</strong></span> <span class='ocrx_word' id='word_1_71' title='bbox 308 800 366 846; x_wconf 88' lang='lat' dir='ltr'><em>V.</em></span> <span class='ocrx_word' id='word_1_72' title='bbox 425 800 537 845; x_wconf 81' lang='grc' dir='ltr'><em>Οσα</em></span> <span class='ocrx_word' id='word_1_73' title='bbox 587 819 652 852; x_wconf 88' lang='grc' dir='ltr'><em>τις</em></span> <span class='ocrx_word' id='word_1_74' title='bbox 698 799 756 844; x_wconf 81' lang='grc' dir='ltr'><em>ἂν</em></span> <span class='ocrx_word' id='word_1_75' title='bbox 793 799 1021 856; x_wconf 82' lang='grc' dir='ltr'><em>ὁμολογῶν</em></span> <span class='ocrx_word' id='word_1_76' title='bbox 1057 802 1315 854; x_wconf 76' lang='grc' dir='ltr'><em>ξυνθέσθαι</em></span> <span class='ocrx_word' id='word_1_77' title='bbox 1350 799 1410 857; x_wconf 88' lang='grc' dir='ltr'><em>μὴ</em></span> 
     </span>
     <span class='ocr_line' id='line_1_11' title="bbox 62 863 1418 948; baseline 0 -36"><span class='ocrx_word' id='word_1_78' title='bbox 62 873 165 922; x_wconf 82' lang='grc' dir='ltr'><em>ποιῆ</em></span> <span class='ocrx_word' id='word_1_79' title='bbox 203 868 316 914; x_wconf 83' lang='grc' dir='ltr'><em>κατά</em></span> <span class='ocrx_word' id='word_1_80' title='bbox 354 868 436 919; x_wconf 80' lang='grc' dir='ltr'><em>τάς</em></span> <span class='ocrx_word' id='word_1_81' title='bbox 473 868 734 948; x_wconf 80' lang='grc' dir='ltr'><em>ὁμολογίας,</em></span> <span class='ocrx_word' id='word_1_82' title='bbox 773 867 889 920; x_wconf 83' lang='grc' dir='ltr'><em>πλὴν</em></span> <span class='ocrx_word' id='word_1_83' title='bbox 927 863 989 912; x_wconf 78' lang='grc' dir='ltr'><em>ὧν</em></span> <span class='ocrx_word' id='word_1_84' title='bbox 1025 867 1084 912; x_wconf 78' lang='grc' dir='ltr'><em>ἂν</em></span> <span class='ocrx_word' id='word_1_85' title='bbox 1114 867 1245 924; x_wconf 89' lang='grc' dir='ltr'><em>νόμοι</em></span> <span class='ocrx_word' id='word_1_86' title='bbox 1266 867 1418 925; x_wconf 75' lang='grc' dir='ltr'><em>ἀπείρ-</em></span> 
     </span>
     <span class='ocr_line' id='line_1_12' title="bbox 61 935 1418 994; baseline -0.001 -13"><span class='ocrx_word' id='word_1_87' title='bbox 61 953 195 992; x_wconf 60' lang='grc' dir='ltr'><em>γωσιν</em></span> <span class='ocrx_word' id='word_1_88' title='bbox 241 935 266 990; x_wconf 82' lang='grc' dir='ltr'>ἢ</span> <span class='ocrx_word' id='word_1_89' title='bbox 315 936 551 994; x_wconf 57' lang='grc' dir='ltr'><em>ψήφισμα,</em></span> <span class='ocrx_word' id='word_1_90' title='bbox 606 935 630 988; x_wconf 82' lang='grc' dir='ltr'><em>ή</em></span> <span class='ocrx_word' id='word_1_91' title='bbox 693 953 812 985; x_wconf 88' lang='grc' dir='ltr'><em>τινος</em></span> <span class='ocrx_word' id='word_1_92' title='bbox 859 935 946 979; x_wconf 81' lang='grc' dir='ltr'><em>υπὸ</em></span> <span class='ocrx_word' id='word_1_93' title='bbox 997 935 1153 980; x_wconf 80' lang='grc' dir='ltr'><em>ἀδίκου</em></span> <span class='ocrx_word' id='word_1_94' title='bbox 1210 938 1418 990; x_wconf 77' lang='grc' dir='ltr'><em>βιασθεὶς</em></span> 
     </span>
     <span class='ocr_line' id='line_1_13' title="bbox 61 1001 1418 1064; baseline -0.001 -17"><span class='ocrx_word' id='word_1_95' title='bbox 61 1004 261 1060; x_wconf 86' lang='grc' dir='ltr'><em>άνάγκης</em></span> <span class='ocrx_word' id='word_1_96' title='bbox 296 1002 571 1064; x_wconf 74' lang='grc' dir='ltr'><em>ὁμολογήσῃ,</em></span> <span class='ocrx_word' id='word_1_97' title='bbox 617 1006 690 1046; x_wconf 81' lang='grc' dir='ltr'><em>καὶ</em></span> <span class='ocrx_word' id='word_1_98' title='bbox 727 1001 806 1046; x_wconf 76' lang='grc' dir='ltr'><em>ἐάν</em></span> <span class='ocrx_word' id='word_1_99' title='bbox 842 1002 933 1046; x_wconf 78' lang='grc' dir='ltr'><em>ἀπὸ</em></span> <span class='ocrx_word' id='word_1_100' title='bbox 973 1003 1105 1059; x_wconf 82' lang='grc' dir='ltr'><em>τύχης</em></span> <span class='ocrx_word' id='word_1_101' title='bbox 1140 1002 1418 1059; x_wconf 84' lang='grc' dir='ltr'><em>άπροςδοκή-</em></span> 
     </span>
     <span class='ocr_line' id='line_1_14' title="bbox 63 1068 1416 1132; baseline 0.001 -19"><span class='ocrx_word' id='word_1_102' title='bbox 63 1088 142 1116; x_wconf 87' lang='grc' dir='ltr'><em>του</em></span> <span class='ocrx_word' id='word_1_103' title='bbox 183 1089 246 1122; x_wconf 84' lang='grc' dir='ltr'><em>τις</em></span> <span class='ocrx_word' id='word_1_104' title='bbox 283 1070 402 1114; x_wconf 76' lang='grc' dir='ltr'><em>ἄκων</em></span> <span class='ocrx_word' id='word_1_105' title='bbox 439 1073 644 1132; x_wconf 73' lang='grc' dir='ltr'><em>κωλυθῇ,</em></span> <span class='ocrx_word' id='word_1_106' title='bbox 693 1073 816 1120; x_wconf 83' lang='grc' dir='ltr'><em>δίκας</em></span> <span class='ocrx_word' id='word_1_107' title='bbox 862 1070 975 1114; x_wconf 79' lang='grc' dir='ltr'><em>εἶναι</em></span> <span class='ocrx_word' id='word_1_108' title='bbox 1012 1074 1101 1115; x_wconf 81' lang='grc' dir='ltr'><em>τῶν</em></span> <span class='ocrx_word' id='word_1_109' title='bbox 1137 1068 1284 1113; x_wconf 77' lang='grc' dir='ltr'><em>ἄλλων</em></span> <span class='ocrx_word' id='word_1_110' title='bbox 1316 1070 1416 1114; x_wconf 84' lang='grc' dir='ltr'><em>ἀτε-</em></span> 
     </span>
    </p>
   </div>
   <div class='ocr_carea' id='block_1_3' title="bbox 63 1200 1417 1289">
    <p class='ocr_par' dir='ltr' id='par_1_3' title="bbox 63 1200 1417 1289">
     <span class='ocr_line' id='line_1_15' title="bbox 156 1200 1417 1245; baseline 0.001 -11"><span class='ocrx_word' id='word_1_111' title='bbox 156 1201 194 1234; x_wconf 90' lang='lat' dir='ltr'><strong>C.</strong></span> <span class='ocrx_word' id='word_1_112' title='bbox 246 1205 322 1242; x_wconf 66' lang='grc' dir='ltr'><em>τῆς</em></span> <span class='ocrx_word' id='word_1_113' title='bbox 355 1201 612 1244; x_wconf 78' lang='grc' dir='ltr'><em>κιβδηλείας</em></span> <span class='ocrx_word' id='word_1_114' title='bbox 643 1201 759 1242; x_wconf 75' lang='grc' dir='ltr'><em>πέρι]</em></span> <span class='ocrx_word' id='word_1_115' title='bbox 791 1200 828 1232; x_wconf 91' lang='lat' dir='ltr'><em>V.</em></span> <span class='ocrx_word' id='word_1_116' title='bbox 856 1200 1046 1241; x_wconf 80' lang='grc' dir='ltr'><em>κιβδηλίας,</em></span> <span class='ocrx_word' id='word_1_117' title='bbox 1081 1200 1194 1234; x_wconf 77' lang='lat' dir='ltr'><strong>invitis</strong></span> <span class='ocrx_word' id='word_1_118' title='bbox 1221 1202 1318 1236; x_wconf 85' lang='lat' dir='ltr'><strong>libris</strong></span> <span class='ocrx_word' id='word_1_119' title='bbox 1345 1204 1417 1245; x_wconf 79' lang='lat' dir='ltr'><strong>ple-</strong></span> 
     </span>
     <span class='ocr_line' id='line_1_16' title="bbox 63 1245 1240 1289; baseline 0.001 -10"><span class='ocrx_word' id='word_1_120' title='bbox 63 1248 177 1289; x_wconf 81' lang='lat' dir='ltr'><strong>risque</strong></span> <span class='ocrx_word' id='word_1_121' title='bbox 205 1249 384 1289; x_wconf 83' lang='lat' dir='ltr'><strong>omnibus,</strong></span> <span class='ocrx_word' id='word_1_122' title='bbox 411 1248 515 1281; x_wconf 87' lang='lat' dir='ltr'><strong>etiam</strong></span> <span class='ocrx_word' id='word_1_123' title='bbox 543 1246 583 1280; x_wconf 79' lang='lat' dir='ltr'><strong>A.</strong></span> <span class='ocrx_word' id='word_1_124' title='bbox 616 1245 654 1279; x_wconf 84' lang='grc' dir='ltr'><em>Ω.</em></span> <span class='ocrx_word' id='word_1_125' title='bbox 703 1247 864 1279; x_wconf 86' lang='lat' dir='ltr'><strong>Retinuit</strong></span> <span class='ocrx_word' id='word_1_126' title='bbox 894 1251 1007 1278; x_wconf 86' lang='lat' dir='ltr'><strong>tamen</strong></span> <span class='ocrx_word' id='word_1_127' title='bbox 1035 1246 1240 1280; x_wconf 79' lang='lat' dir='ltr'>Schneider.</span> 
     </span>
    </p>
   </div>
   <div class='ocr_carea' id='block_1_4' title="bbox 154 1290 970 1338">
    <p class='ocr_par' dir='ltr' id='par_1_4' title="bbox 154 1290 970 1338">
     <span class='ocr_line' id='line_1_17' title="bbox 154 1290 970 1338; baseline -0.002 -13"><span class='ocrx_word' id='word_1_128' title='bbox 154 1292 202 1325; x_wconf 72' lang='grc' dir='ltr'><em>τὰ</em></span> <span class='ocrx_word' id='word_1_129' title='bbox 239 1294 283 1325; x_wconf 77' lang='grc' dir='ltr'><em>δὲ</em></span> <span class='ocrx_word' id='word_1_130' title='bbox 313 1292 612 1338; x_wconf 69' lang='grc' dir='ltr'><em>ἀγρονόμους]</em></span> <span class='ocrx_word' id='word_1_131' title='bbox 650 1304 717 1327; x_wconf 89' lang='lat' dir='ltr'><em>om.</em></span> <span class='ocrx_word' id='word_1_132' title='bbox 751 1294 877 1335; x_wconf 24' lang='lat' dir='ltr'><strong>pr.⁴A.</strong></span> <span class='ocrx_word' id='word_1_133' title='bbox 913 1290 970 1329; x_wconf 70' lang='grc'><em>9.,</em></span> 
     </span>
    </p>
   </div>
   <div class='ocr_carea' id='block_1_5' title="bbox 64 1343 225 1372">
    <p class='ocr_par' dir='ltr' id='par_1_5' title="bbox 64 1343 225 1372">
     <span class='ocr_line' id='line_1_18' title="bbox 64 1343 225 1372; baseline 0.006 -1"><span class='ocrx_word' id='word_1_134' title='bbox 64 1343 225 1372; x_wconf 76' lang='lat' dir='ltr'><strong>testatur.</strong></span> 
     </span>
    </p>
   </div>
   <div class='ocr_carea' id='block_1_6' title="bbox 1003 1292 1416 1336">
    <p class='ocr_par' dir='ltr' id='par_1_6' title="bbox 1003 1292 1416 1336">
     <span class='ocr_line' id='line_1_19' title="bbox 1003 1292 1416 1336; baseline 0.01 -12"><span class='ocrx_word' id='word_1_135' title='bbox 1003 1298 1039 1324; x_wconf 88' lang='lat' dir='ltr'><strong>ut</strong></span> <span class='ocrx_word' id='word_1_136' title='bbox 1064 1292 1246 1327; x_wconf 82' lang='lat' dir='ltr'><strong>Bekkerus</strong></span> <span class='ocrx_word' id='word_1_137' title='bbox 1279 1295 1416 1336; x_wconf 87' lang='lat' dir='ltr'><strong>quidem</strong></span> 
     </span>
    </p>
   </div>
   <div class='ocr_carea' id='block_1_7' title="bbox 64 1383 1418 1473">
    <p class='ocr_par' dir='ltr' id='par_1_7' title="bbox 64 1383 1418 1473">
     <span class='ocr_line' id='line_1_20' title="bbox 157 1383 1418 1427; baseline 0.002 -10"><span class='ocrx_word' id='word_1_138' title='bbox 157 1386 198 1418; x_wconf 91' lang='lat' dir='ltr'><em>D.</em></span> <span class='ocrx_word' id='word_1_139' title='bbox 249 1384 328 1417; x_wconf 73' lang='grc' dir='ltr'><em>ὑπὸ</em></span> <span class='ocrx_word' id='word_1_140' title='bbox 357 1385 514 1417; x_wconf 72' lang='grc' dir='ltr'><em>ἀδίκου</em></span> <span class='ocrx_word' id='word_1_141' title='bbox 538 1386 594 1427; x_wconf 82' lang='grc' dir='ltr'><em>β.]</em></span> <span class='ocrx_word' id='word_1_142' title='bbox 622 1383 788 1416; x_wconf 75' lang='grc' dir='ltr'><em>ὑποδίκου</em></span> <span class='ocrx_word' id='word_1_143' title='bbox 814 1395 844 1416; x_wconf 88' lang='lat' dir='ltr'><em>a.</em></span> <span class='ocrx_word' id='word_1_144' title='bbox 874 1394 902 1415; x_wconf 85' lang='lat' dir='ltr'><strong>c.</strong></span> <span class='ocrx_word' id='word_1_145' title='bbox 931 1395 961 1415; x_wconf 88' lang='lat' dir='ltr'><strong>v.</strong></span> <span class='ocrx_word' id='word_1_146' title='bbox 992 1383 1014 1415; x_wconf 83' lang='lat' dir='ltr'><strong>f.</strong></span> <span class='ocrx_word' id='word_1_147' title='bbox 1042 1389 1076 1416; x_wconf 89' lang='lat' dir='ltr'><strong>et</strong></span> <span class='ocrx_word' id='word_1_148' title='bbox 1102 1395 1152 1427; x_wconf 85' lang='lat' dir='ltr'><em>pr.</em></span> <span class='ocrx_word' id='word_1_149' title='bbox 1182 1388 1220 1418; x_wconf 65' lang='lat' dir='ltr'><strong>A.</strong></span> <span class='ocrx_word' id='word_1_150' title='bbox 1245 1385 1282 1421; x_wconf 83' lang='grc' dir='ltr'><em>Ω.</em></span> <span class='ocrx_word' id='word_1_151' title='bbox 1333 1387 1418 1421; x_wconf 82' lang='lat' dir='ltr'><strong>Dein</strong></span> 
     </span>
     <span class='ocr_line' id='line_1_21' title="bbox 64 1428 1309 1473; baseline 0.002 -11"><span class='ocrx_word' id='word_1_152' title='bbox 64 1428 150 1464; x_wconf 74' lang='grc' dir='ltr'><em>ὑπὸ</em></span> <span class='ocrx_word' id='word_1_153' title='bbox 179 1430 289 1473; x_wconf 81' lang='grc' dir='ltr'><em>τύχης</em></span> <span class='ocrx_word' id='word_1_154' title='bbox 323 1429 361 1464; x_wconf 80' lang='grc' dir='ltr'><em>Ω.</em></span> <span class='ocrx_word' id='word_1_155' title='bbox 387 1442 456 1464; x_wconf 90' lang='lat' dir='ltr'><em>rec.</em></span> <span class='ocrx_word' id='word_1_156' title='bbox 485 1442 515 1463; x_wconf 88' lang='lat' dir='ltr'><strong>v.</strong></span> <span class='ocrx_word' id='word_1_157' title='bbox 542 1430 565 1464; x_wconf 87' lang='lat' dir='ltr'><strong>f.</strong></span> <span class='ocrx_word' id='word_1_158' title='bbox 593 1442 619 1463; x_wconf 93' lang='lat' dir='ltr'><em>r.</em></span> <span class='ocrx_word' id='word_1_159' title='bbox 648 1430 738 1472; x_wconf 86' lang='lat' dir='ltr'><strong>quod</strong></span> <span class='ocrx_word' id='word_1_160' title='bbox 766 1430 867 1462; x_wconf 86' lang='lat' dir='ltr'><strong>Turr.</strong></span> <span class='ocrx_word' id='word_1_161' title='bbox 895 1434 930 1462; x_wconf 88' lang='lat' dir='ltr'><strong>et</strong></span> <span class='ocrx_word' id='word_1_162' title='bbox 956 1429 1077 1462; x_wconf 86' lang='lat' dir='ltr'>Herm.</span> <span class='ocrx_word' id='word_1_163' title='bbox 1105 1433 1309 1473; x_wconf 84' lang='lat' dir='ltr'>probarunt.</span> 
     </span>
    </p>
   </div>
   <div class='ocr_carea' id='block_1_8' title="bbox 65 1543 712 2044">
    <p class='ocr_par' dir='ltr' id='par_1_8' title="bbox 65 1543 712 2044">
     <span class='ocr_line' id='line_1_22' title="bbox 65 1543 707 1587; baseline 0 -12"><span class='ocrx_word' id='word_1_164' title='bbox 65 1544 103 1587; x_wconf 74' lang='grc' dir='ltr'><em>ρὶ</em></span> <span class='ocrx_word' id='word_1_165' title='bbox 132 1543 296 1586; x_wconf 79' lang='grc' dir='ltr'><em>ταῦτα]</em></span> <span class='ocrx_word' id='word_1_166' title='bbox 325 1543 481 1576; x_wconf 83' lang='lat' dir='ltr'><strong>Mutatur</strong></span> <span class='ocrx_word' id='word_1_167' title='bbox 506 1543 631 1575; x_wconf 84' lang='lat' dir='ltr'><strong>dehinc</strong></span> <span class='ocrx_word' id='word_1_168' title='bbox 656 1547 707 1575; x_wconf 84' lang='lat' dir='ltr'><strong>te-</strong></span> 
     </span>
     <span class='ocr_line' id='line_1_23' title="bbox 65 1590 708 1630; baseline -0.003 -8"><span class='ocrx_word' id='word_1_169' title='bbox 65 1600 129 1622; x_wconf 93' lang='lat' dir='ltr'><em>nor</em></span> <span class='ocrx_word' id='word_1_170' title='bbox 154 1590 420 1621; x_wconf 80' lang='lat' dir='ltr'>constructionis</span> <span class='ocrx_word' id='word_1_171' title='bbox 455 1599 516 1630; x_wconf 89' lang='lat' dir='ltr'><em>per</em></span> <span class='ocrx_word' id='word_1_172' title='bbox 545 1591 708 1621; x_wconf 82' lang='lat' dir='ltr'><strong>anacolu-</strong></span> 
     </span>
     <span class='ocr_line' id='line_1_24' title="bbox 65 1633 706 1679; baseline -0.002 -12"><span class='ocrx_word' id='word_1_173' title='bbox 65 1634 161 1667; x_wconf 83' lang='lat' dir='ltr'><strong>thon.</strong></span> <span class='ocrx_word' id='word_1_174' title='bbox 208 1634 295 1668; x_wconf 86' lang='lat' dir='ltr'><strong>Nam</strong></span> <span class='ocrx_word' id='word_1_175' title='bbox 330 1639 411 1676; x_wconf 83' lang='lat' dir='ltr'><strong>post</strong></span> <span class='ocrx_word' id='word_1_176' title='bbox 442 1633 556 1679; x_wconf 75' lang='grc' dir='ltr'><em>ταύτῃ</em></span> <span class='ocrx_word' id='word_1_177' title='bbox 590 1633 628 1675; x_wconf 71' lang='grc' dir='ltr'><em>δὴ</em></span> <span class='ocrx_word' id='word_1_178' title='bbox 665 1633 706 1666; x_wconf 77' lang='grc' dir='ltr'><em>τὰ</em></span> 
     </span>
     <span class='ocr_line' id='line_1_25' title="bbox 65 1679 708 1722; baseline -0.003 -9"><span class='ocrx_word' id='word_1_179' title='bbox 65 1681 142 1720; x_wconf 81' lang='grc' dir='ltr'><em>περὶ</em></span> <span class='ocrx_word' id='word_1_180' title='bbox 168 1679 231 1721; x_wconf 78' lang='grc' dir='ltr'><em>τὴν</em></span> <span class='ocrx_word' id='word_1_181' title='bbox 256 1681 436 1722; x_wconf 75' lang='grc' dir='ltr'><em>καπηλείαν</em></span> <span class='ocrx_word' id='word_1_182' title='bbox 460 1693 488 1714; x_wconf 91' lang='grc' dir='ltr'><em>κ.</em></span> <span class='ocrx_word' id='word_1_183' title='bbox 505 1694 536 1713; x_wconf 87' lang='grc' dir='ltr'><em>τ.</em></span> <span class='ocrx_word' id='word_1_184' title='bbox 557 1680 585 1711; x_wconf 93' lang='grc' dir='ltr'><em>λ.</em></span> <span class='ocrx_word' id='word_1_185' title='bbox 611 1680 708 1722; x_wconf 88' lang='lat' dir='ltr'><strong>pergi</strong></span> 
     </span>
     <span class='ocr_line' id='line_1_26' title="bbox 67 1722 709 1760; baseline -0.003 -1"><span class='ocrx_word' id='word_1_186' title='bbox 67 1727 219 1760; x_wconf 84' lang='lat' dir='ltr'>debebat</span> <span class='ocrx_word' id='word_1_187' title='bbox 259 1727 332 1759; x_wconf 86' lang='lat' dir='ltr'><strong>fere</strong></span> <span class='ocrx_word' id='word_1_188' title='bbox 373 1727 439 1758; x_wconf 88' lang='lat' dir='ltr'><strong>sic:</strong></span> <span class='ocrx_word' id='word_1_189' title='bbox 489 1730 622 1758; x_wconf 82' lang='grc' dir='ltr'><em>σκοπεῖν</em></span> <span class='ocrx_word' id='word_1_190' title='bbox 661 1722 709 1757; x_wconf 70' lang='grc' dir='ltr'><em>αὖ</em></span> 
     </span>
     <span class='ocr_line' id='line_1_27' title="bbox 65 1772 708 1814; baseline 0 -10"><span class='ocrx_word' id='word_1_191' title='bbox 65 1772 173 1814; x_wconf 74' lang='grc' dir='ltr'><em>χρεὼν</em></span> <span class='ocrx_word' id='word_1_192' title='bbox 206 1772 262 1804; x_wconf 79' lang='grc' dir='ltr'><em>καὶ</em></span> <span class='ocrx_word' id='word_1_193' title='bbox 293 1773 375 1804; x_wconf 77' lang='grc' dir='ltr'><em>ἰδεῖν</em></span> <span class='ocrx_word' id='word_1_194' title='bbox 406 1785 433 1803; x_wconf 90' lang='grc' dir='ltr'><em>κ.</em></span> <span class='ocrx_word' id='word_1_195' title='bbox 467 1786 499 1804; x_wconf 82' lang='grc' dir='ltr'><em>τ.</em></span> <span class='ocrx_word' id='word_1_196' title='bbox 532 1773 560 1804; x_wconf 92' lang='grc' dir='ltr'><em>λ.</em></span> <span class='ocrx_word' id='word_1_197' title='bbox 611 1773 708 1806; x_wconf 82' lang='lat' dir='ltr'><strong>Nunc</strong></span> 
     </span>
     <span class='ocr_line' id='line_1_28' title="bbox 67 1818 711 1860; baseline 0 -9"><span class='ocrx_word' id='word_1_198' title='bbox 67 1819 308 1860; x_wconf 81' lang='lat' dir='ltr'><strong>superioribus</strong></span> <span class='ocrx_word' id='word_1_199' title='bbox 334 1818 470 1856; x_wconf 80' lang='lat' dir='ltr'><strong>missis,</strong></span> <span class='ocrx_word' id='word_1_200' title='bbox 500 1819 566 1850; x_wconf 86' lang='lat' dir='ltr'><strong>aiio</strong></span> <span class='ocrx_word' id='word_1_201' title='bbox 592 1819 711 1855; x_wconf 76' lang='lat' dir='ltr'><strong>verbo,</strong></span> 
     </span>
     <span class='ocr_line' id='line_1_29' title="bbox 67 1864 711 1906; baseline 0.002 -10"><span class='ocrx_word' id='word_1_202' title='bbox 67 1875 169 1906; x_wconf 87' lang='lat' dir='ltr'><strong>quam</strong></span> <span class='ocrx_word' id='word_1_203' title='bbox 204 1864 296 1905; x_wconf 85' lang='lat' dir='ltr'><strong>quod</strong></span> <span class='ocrx_word' id='word_1_204' title='bbox 329 1866 563 1897; x_wconf 85' lang='lat' dir='ltr'><strong>accusativum</strong></span> <span class='ocrx_word' id='word_1_205' title='bbox 598 1866 711 1906; x_wconf 87' lang='lat' dir='ltr'><strong>requi-</strong></span> 
     </span>
     <span class='ocr_line' id='line_1_30' title="bbox 68 1910 710 1951; baseline -0.002 -8"><span class='ocrx_word' id='word_1_206' title='bbox 68 1912 134 1951; x_wconf 86' lang='lat' dir='ltr'><strong>rit,</strong></span> <span class='ocrx_word' id='word_1_207' title='bbox 162 1911 260 1942; x_wconf 85' lang='lat' dir='ltr'><strong>iiiato</strong></span> <span class='ocrx_word' id='word_1_208' title='bbox 287 1910 415 1942; x_wconf 80' lang='lat' dir='ltr'><strong>dicitur</strong></span> <span class='ocrx_word' id='word_1_209' title='bbox 441 1911 631 1950; x_wconf 74' lang='grc' dir='ltr'><em>συνελθεῖν,</em></span> <span class='ocrx_word' id='word_1_210' title='bbox 658 1915 710 1942; x_wconf 84' lang='lat' dir='ltr'><em>at-</em></span> 
     </span>
     <span class='ocr_line' id='line_1_31' title="bbox 68 1956 712 1999; baseline 0 -11"><span class='ocrx_word' id='word_1_211' title='bbox 68 1966 138 1998; x_wconf 84' lang='lat' dir='ltr'><em>que</em></span> <span class='ocrx_word' id='word_1_212' title='bbox 179 1956 258 1999; x_wconf 79' lang='grc' dir='ltr'><em>περὶ</em></span> <span class='ocrx_word' id='word_1_213' title='bbox 304 1959 419 1987; x_wconf 79' lang='grc' dir='ltr'><em>ταῦτα</em></span> <span class='ocrx_word' id='word_1_214' title='bbox 467 1957 712 1998; x_wconf 80' lang='lat' dir='ltr'><strong>interponitur,</strong></span> 
     </span>
     <span class='ocr_line' id='line_1_32' title="bbox 68 2001 711 2044; baseline 0.003 -10"><span class='ocrx_word' id='word_1_215' title='bbox 68 2012 137 2044; x_wconf 86' lang='lat' dir='ltr'><em>quo</em></span> <span class='ocrx_word' id='word_1_216' title='bbox 157 2001 201 2033; x_wconf 84' lang='lat' dir='ltr'><em>de</em></span> <span class='ocrx_word' id='word_1_217' title='bbox 219 2001 432 2043; x_wconf 80' lang='lat' dir='ltr'><strong>antegressis</strong></span> <span class='ocrx_word' id='word_1_218' title='bbox 448 2001 711 2036; x_wconf 81' lang='lat' dir='ltr'><strong>admoneamur.</strong></span> 
     </span>
    </p>
   </div>
   <div class='ocr_carea' id='block_1_9' title="bbox 69 2091 714 2411">
    <p class='ocr_par' dir='ltr' id='par_1_9' title="bbox 69 2091 714 2411">
     <span class='ocr_line' id='line_1_33' title="bbox 115 2091 709 2134; baseline 0.003 -10"><span class='ocrx_word' id='word_1_219' title='bbox 115 2091 155 2127; x_wconf 71' lang='lat' dir='ltr'><strong>O.</strong></span> <span class='ocrx_word' id='word_1_220' title='bbox 207 2091 352 2134; x_wconf 74' lang='grc' dir='ltr'><em>λῆμμά</em></span> <span class='ocrx_word' id='word_1_221' title='bbox 378 2105 422 2125; x_wconf 83' lang='grc' dir='ltr'><em>τε</em></span> <span class='ocrx_word' id='word_1_222' title='bbox 446 2093 518 2126; x_wconf 83' lang='grc' dir='ltr'><em>καὶ</em></span> <span class='ocrx_word' id='word_1_223' title='bbox 547 2091 709 2126; x_wconf 75' lang='grc' dir='ltr'><em>οἷνοῖλω-</em></span> 
     </span>
     <span class='ocr_line' id='line_1_34' title="bbox 69 2138 710 2182; baseline 0.003 -12"><span class='ocrx_word' id='word_1_224' title='bbox 69 2138 147 2181; x_wconf 87' lang='grc' dir='ltr'><em>μα]</em></span> <span class='ocrx_word' id='word_1_225' title='bbox 189 2142 423 2180; x_wconf 87' lang='lat' dir='ltr'><strong>acceptum</strong></span> <span class='ocrx_word' id='word_1_226' title='bbox 465 2144 504 2173; x_wconf 89' lang='lat' dir='ltr'><strong>et</strong></span> <span class='ocrx_word' id='word_1_227' title='bbox 549 2150 710 2182; x_wconf 84' lang='lat' dir='ltr'><strong>expen-</strong></span> 
     </span>
     <span class='ocr_line' id='line_1_35' title="bbox 70 2183 712 2228; baseline 0.003 -13"><span class='ocrx_word' id='word_1_228' title='bbox 70 2194 179 2228; x_wconf 83' lang='lat' dir='ltr'><strong>sum3</strong></span> <span class='ocrx_word' id='word_1_229' title='bbox 205 2183 379 2217; x_wconf 82' lang='lat' dir='ltr'><strong>reditus</strong></span> <span class='ocrx_word' id='word_1_230' title='bbox 407 2190 449 2217; x_wconf 86' lang='lat' dir='ltr'><strong>et</strong></span> <span class='ocrx_word' id='word_1_231' title='bbox 474 2186 712 2228; x_wconf 82' lang='lat' dir='ltr'><strong>impensae.</strong></span> 
     </span>
     <span class='ocr_line' id='line_1_36' title="bbox 71 2230 714 2273; baseline 0.003 -11"><span class='ocrx_word' id='word_1_232' title='bbox 71 2230 132 2262; x_wconf 83' lang='lat' dir='ltr'><em>Sic</em></span> <span class='ocrx_word' id='word_1_233' title='bbox 155 2230 276 2272; x_wconf 78' lang='grc' dir='ltr'><em>λῆμμα</em></span> <span class='ocrx_word' id='word_1_234' title='bbox 303 2230 361 2261; x_wconf 78' lang='grc' dir='ltr'><em>καὶ</em></span> <span class='ocrx_word' id='word_1_235' title='bbox 383 2230 550 2273; x_wconf 80' lang='grc' dir='ltr'><em>α’νάλωμα</em></span> <span class='ocrx_word' id='word_1_236' title='bbox 575 2231 714 2264; x_wconf 70' lang='grc' dir='ltr'><em>ἀποδεῖ·</em></span> 
     </span>
     <span class='ocr_line' id='line_1_37' title="bbox 71 2276 714 2320; baseline -0.002 -9"><span class='ocrx_word' id='word_1_237' title='bbox 71 2276 127 2311; x_wconf 61' lang='grc' dir='ltr'><em>ξαν</em></span> <span class='ocrx_word' id='word_1_238' title='bbox 168 2277 253 2319; x_wconf 78' lang='lat' dir='ltr'><strong>Lys.</strong></span> <span class='ocrx_word' id='word_1_239' title='bbox 293 2287 327 2318; x_wconf 88' lang='lat' dir='ltr'><em>p.</em></span> <span class='ocrx_word' id='word_1_240' title='bbox 365 2277 444 2312; x_wconf 88' lang='lat'><strong>905.</strong></span> <span class='ocrx_word' id='word_1_241' title='bbox 479 2278 524 2309; x_wconf 90' lang='lat' dir='ltr'><em>in.</em></span> <span class='ocrx_word' id='word_1_242' title='bbox 579 2278 714 2320; x_wconf 83' lang='lat' dir='ltr'><strong>Tetigit</strong></span> 
     </span>
     <span class='ocr_line' id='line_1_38' title="bbox 72 2321 711 2366; baseline 0.003 -12"><span class='ocrx_word' id='word_1_243' title='bbox 72 2321 158 2354; x_wconf 85' lang='lat' dir='ltr'><strong>haec</strong></span> <span class='ocrx_word' id='word_1_244' title='bbox 184 2322 367 2354; x_wconf 87' lang='lat' dir='ltr'><strong>Dorviii.</strong></span> <span class='ocrx_word' id='word_1_245' title='bbox 401 2324 443 2356; x_wconf 84' lang='lat' dir='ltr'><strong>ad</strong></span> <span class='ocrx_word' id='word_1_246' title='bbox 476 2323 652 2356; x_wconf 85' lang='lat' dir='ltr'><strong>Chariton.</strong></span> <span class='ocrx_word' id='word_1_247' title='bbox 679 2334 711 2366; x_wconf 91' lang='lat' dir='ltr'><em>p.</em></span> 
     </span>
     <span class='ocr_line' id='line_1_39' title="bbox 72 2367 507 2411; baseline -0.002 -9"><span class='ocrx_word' id='word_1_248' title='bbox 72 2367 128 2402; x_wconf 90' lang='lat'><em>87</em></span> <span class='ocrx_word' id='word_1_249' title='bbox 153 2377 198 2384; x_wconf 86' lang='grc'><em>·“·</em></span> <span class='ocrx_word' id='word_1_250' title='bbox 154 2368 302 2402; x_wconf 80' lang='grc'>-.252</span> <span class='ocrx_word' id='word_1_251' title='bbox 329 2368 384 2400; x_wconf 84' lang='lat' dir='ltr'><em>ed.</em></span> <span class='ocrx_word' id='word_1_252' title='bbox 412 2369 507 2411; x_wconf 86' lang='lat' dir='ltr'><strong>Lips.</strong></span> 
     </span>
    </p>
   </div>
   <div class='ocr_carea' id='block_1_10' title="bbox 73 2435 715 2662">
    <p class='ocr_par' dir='ltr' id='par_1_10' title="bbox 73 2435 715 2662">
     <span class='ocr_line' id='line_1_40' title="bbox 117 2435 714 2480; baseline 0.002 -13"><span class='ocrx_word' id='word_1_253' title='bbox 117 2435 221 2473; x_wconf 80' lang='grc' dir='ltr'><em>τούς</em></span> <span class='ocrx_word' id='word_1_254' title='bbox 246 2436 287 2466; x_wconf 78' lang='grc' dir='ltr'><em>ἐν</em></span> <span class='ocrx_word' id='word_1_255' title='bbox 313 2440 410 2474; x_wconf 83' lang='grc' dir='ltr'><em>ταῖς</em></span> <span class='ocrx_word' id='word_1_256' title='bbox 434 2435 591 2469; x_wconf 78' lang='grc' dir='ltr'><em>πόλεσι</em></span> <span class='ocrx_word' id='word_1_257' title='bbox 613 2449 714 2480; x_wconf 83' lang='grc' dir='ltr'><em>χρω-</em></span> 
     </span>
     <span class='ocr_line' id='line_1_41' title="bbox 73 2477 713 2524; baseline 0.006 -13"><span class='ocrx_word' id='word_1_258' title='bbox 73 2477 252 2522; x_wconf 76' lang='grc' dir='ltr'><em>μένους]</em></span> <span class='ocrx_word' id='word_1_259' title='bbox 292 2482 402 2517; x_wconf 76' lang='lat' dir='ltr'><strong>intell.</strong></span> <span class='ocrx_word' id='word_1_260' title='bbox 428 2481 537 2523; x_wconf 79' lang='grc' dir='ltr'><em>αὐτῆ,</em></span> <span class='ocrx_word' id='word_1_261' title='bbox 569 2483 613 2515; x_wconf 85' lang='lat' dir='ltr'><em>de</em></span> <span class='ocrx_word' id='word_1_262' title='bbox 648 2493 713 2524; x_wconf 81' lang='lat' dir='ltr'><strong>qua</strong></span> 
     </span>
     <span class='ocr_line' id='line_1_42' title="bbox 74 2526 715 2570; baseline 0.003 -12"><span class='ocrx_word' id='word_1_263' title='bbox 74 2526 188 2567; x_wconf 84' lang='lat' dir='ltr'><strong>ellipsi</strong></span> <span class='ocrx_word' id='word_1_264' title='bbox 216 2532 296 2568; x_wconf 85' lang='lat' dir='ltr'><strong>post</strong></span> <span class='ocrx_word' id='word_1_265' title='bbox 318 2531 481 2570; x_wconf 74' lang='grc' dir='ltr'><em>χρῆσθαι</em></span> <span class='ocrx_word' id='word_1_266' title='bbox 505 2529 715 2562; x_wconf 80' lang='lat' dir='ltr'><strong>creberrima</strong></span> 
     </span>
     <span class='ocr_line' id='line_1_43' title="bbox 75 2572 715 2617; baseline 0.005 -14"><span class='ocrx_word' id='word_1_267' title='bbox 75 2581 106 2605; x_wconf 91' lang='lat' dir='ltr'><strong>v.</strong></span> <span class='ocrx_word' id='word_1_268' title='bbox 134 2573 177 2604; x_wconf 90' lang='lat' dir='ltr'><strong>ad</strong></span> <span class='ocrx_word' id='word_1_269' title='bbox 204 2573 276 2615; x_wconf 90' lang='lat' dir='ltr'><em>Sop</em></span> <span class='ocrx_word' id='word_1_270' title='bbox 281 2572 357 2605; x_wconf 79' lang='lat' dir='ltr'><strong>hist.</strong></span> <span class='ocrx_word' id='word_1_271' title='bbox 386 2585 418 2615; x_wconf 89' lang='lat' dir='ltr'><strong>p.</strong></span> <span class='ocrx_word' id='word_1_272' title='bbox 437 2575 516 2609; x_wconf 81' lang='lat'><em>217</em></span> <span class='ocrx_word' id='word_1_273' title='bbox 536 2574 574 2606; x_wconf 89' lang='lat' dir='ltr'><strong>C.</strong></span> <span class='ocrx_word' id='word_1_274' title='bbox 601 2575 715 2617; x_wconf 76' lang='lat' dir='ltr'><strong>Legg.</strong></span> 
     </span>
     <span class='ocr_line' id='line_1_44' title="bbox 75 2584 715 2662; baseline 0.01 -15"><span class='ocrx_word' id='word_1_275' title='bbox 75 2584 715 2662; x_wconf 43' lang='grc' dir='ltr'><em>ΙΗρΒΒἹΗΕΧΙρΘῧὸΟΙ).</em></span> 
     </span>
    </p>
   </div>
   <div class='ocr_carea' id='block_1_11' title="bbox 76 2683 719 2778">
    <p class='ocr_par' dir='ltr' id='par_1_11' title="bbox 76 2683 719 2778">
     <span class='ocr_line' id='line_1_45' title="bbox 124 2683 719 2734; baseline 0.01 -18"><span class='ocrx_word' id='word_1_276' title='bbox 124 2684 212 2726; x_wconf 89' lang='lat' dir='ltr'><strong>Cap.</strong></span> <span class='ocrx_word' id='word_1_277' title='bbox 242 2686 282 2718; x_wconf 91' lang='lat' dir='ltr'><em>V.</em></span> <span class='ocrx_word' id='word_1_278' title='bbox 315 2683 719 2734; x_wconf 78' lang='grc' dir='ltr'><em>πλὴνώναννόμοι</em></span> 
     </span>
     <span class='ocr_line' id='line_1_46' title="bbox 76 2727 719 2778; baseline 0.012 -18"><span class='ocrx_word' id='word_1_279' title='bbox 76 2727 343 2775; x_wconf 71' lang='grc' dir='ltr'><em>ἀπείργωσιν</em></span> <span class='ocrx_word' id='word_1_280' title='bbox 368 2734 427 2778; x_wconf 89' lang='grc'><em>-]</em></span> <span class='ocrx_word' id='word_1_281' title='bbox 453 2735 567 2769; x_wconf 85' lang='lat' dir='ltr'><strong>Erunt</strong></span> <span class='ocrx_word' id='word_1_282' title='bbox 593 2737 651 2778; x_wconf 75' lang='lat' dir='ltr'><strong>qui</strong></span> <span class='ocrx_word' id='word_1_283' title='bbox 676 2748 719 2769; x_wconf 88' lang='grc' dir='ltr'><em>αν</em></span> 
     </span>
    </p>
   </div>
   <div class='ocr_carea' id='block_1_12' title="bbox 776 1542 1426 2779">
    <p class='ocr_par' dir='ltr' id='par_1_12' title="bbox 776 1542 1426 2779">
     <span class='ocr_line' id='line_1_47' title="bbox 776 1542 1419 1585; baseline 0.006 -11"><span class='ocrx_word' id='word_1_284' title='bbox 776 1542 931 1575; x_wconf 84' lang='lat' dir='ltr'><strong>additum</strong></span> <span class='ocrx_word' id='word_1_285' title='bbox 974 1544 1124 1585; x_wconf 86' lang='lat' dir='ltr'><strong>cupiant.</strong></span> <span class='ocrx_word' id='word_1_286' title='bbox 1184 1544 1262 1583; x_wconf 86' lang='lat' dir='ltr'><em>Quo</em></span> <span class='ocrx_word' id='word_1_287' title='bbox 1304 1550 1419 1578; x_wconf 87' lang='lat' dir='ltr'><strong>tamen</strong></span> 
     </span>
     <span class='ocr_line' id='line_1_48' title="bbox 776 1590 1420 1631; baseline 0.006 -11"><span class='ocrx_word' id='word_1_288' title='bbox 776 1590 878 1621; x_wconf 82' lang='lat' dir='ltr'><strong>facile</strong></span> <span class='ocrx_word' id='word_1_289' title='bbox 906 1599 1083 1630; x_wconf 80' lang='lat' dir='ltr'><strong>caremus,</strong></span> <span class='ocrx_word' id='word_1_290' title='bbox 1120 1600 1223 1631; x_wconf 87' lang='lat' dir='ltr'><strong>quum</strong></span> <span class='ocrx_word' id='word_1_291' title='bbox 1256 1601 1298 1624; x_wconf 82' lang='lat' dir='ltr'><em>ex</em></span> <span class='ocrx_word' id='word_1_292' title='bbox 1324 1596 1420 1624; x_wconf 87' lang='lat' dir='ltr'><strong>ante·</strong></span> 
     </span>
     <span class='ocr_line' id='line_1_49' title="bbox 776 1633 1420 1677; baseline 0.006 -11"><span class='ocrx_word' id='word_1_293' title='bbox 776 1645 900 1676; x_wconf 84' lang='lat' dir='ltr'><strong>gresso</strong></span> <span class='ocrx_word' id='word_1_294' title='bbox 932 1633 997 1666; x_wconf 69' lang='lat' dir='ltr'><em>5¹0oe</em></span> <span class='ocrx_word' id='word_1_295' title='bbox 1023 1634 1064 1666; x_wconf 70' lang='grc' dir='ltr'><em>ἄν</em></span> <span class='ocrx_word' id='word_1_296' title='bbox 1090 1634 1191 1677; x_wconf 79' lang='grc' dir='ltr'><em>ὄμολ.</em></span> <span class='ocrx_word' id='word_1_297' title='bbox 1226 1635 1290 1668; x_wconf 86' lang='lat' dir='ltr'><em>huc</em></span> <span class='ocrx_word' id='word_1_298' title='bbox 1327 1640 1420 1670; x_wconf 85' lang='lat' dir='ltr'><strong>nullo</strong></span> 
     </span>
     <span class='ocr_line' id='line_1_50' title="bbox 777 1680 1419 1723; baseline 0.006 -11"><span class='ocrx_word' id='word_1_299' title='bbox 777 1681 918 1721; x_wconf 71' lang='lat' dir='ltr'><strong>negotio</strong></span> <span class='ocrx_word' id='word_1_300' title='bbox 945 1680 1094 1722; x_wconf 80' lang='lat' dir='ltr'><strong>pertrahi</strong></span> <span class='ocrx_word' id='word_1_301' title='bbox 1119 1687 1234 1723; x_wconf 83' lang='lat' dir='ltr'><strong>queat.</strong></span> <span class='ocrx_word' id='word_1_302' title='bbox 1284 1682 1419 1716; x_wconf 87' lang='lat' dir='ltr'><strong>Eadem</strong></span> 
     </span>
     <span class='ocr_line' id='line_1_51' title="bbox 776 1727 1417 1770; baseline 0.006 -12"><span class='ocrx_word' id='word_1_303' title='bbox 776 1728 866 1759; x_wconf 88' lang='lat' dir='ltr'><strong>ratio</strong></span> <span class='ocrx_word' id='word_1_304' title='bbox 911 1731 965 1758; x_wconf 87' lang='lat' dir='ltr'><strong>est</strong></span> <span class='ocrx_word' id='word_1_305' title='bbox 1012 1727 1106 1759; x_wconf 88' lang='lat' dir='ltr'><strong>Libr.</strong></span> <span class='ocrx_word' id='word_1_306' title='bbox 1156 1727 1213 1762; x_wconf 90' lang='grc' dir='ltr'><em>ΙΧ.</em></span> <span class='ocrx_word' id='word_1_307' title='bbox 1258 1739 1290 1770; x_wconf 88' lang='lat' dir='ltr'><strong>p.</strong></span> <span class='ocrx_word' id='word_1_308' title='bbox 1339 1729 1417 1765; x_wconf 81' lang='lat'><strong>873.</strong></span> 
     </span>
     <span class='ocr_line' id='line_1_52' title="bbox 776 1771 1419 1816; baseline 0.005 -12"><span class='ocrx_word' id='word_1_309' title='bbox 776 1774 825 1806; x_wconf 88' lang='lat' dir='ltr'><em>E:</em></span> <span class='ocrx_word' id='word_1_310' title='bbox 852 1771 911 1804; x_wconf 73' lang='grc' dir='ltr'><em>ἐὰν</em></span> <span class='ocrx_word' id='word_1_311' title='bbox 936 1773 971 1804; x_wconf 75' lang='grc' dir='ltr'><em>δὲ</em></span> <span class='ocrx_word' id='word_1_312' title='bbox 995 1771 1137 1814; x_wconf 72' lang='grc' dir='ltr'><em>ἄψυχόν</em></span> <span class='ocrx_word' id='word_1_313' title='bbox 1162 1787 1209 1807; x_wconf 79' lang='grc' dir='ltr'><em>τι</em></span> <span class='ocrx_word' id='word_1_314' title='bbox 1222 1778 1335 1816; x_wconf 79' lang='grc' dir='ltr'><em>ψυχῆς</em></span> <span class='ocrx_word' id='word_1_315' title='bbox 1359 1775 1419 1807; x_wconf 84' lang='grc' dir='ltr'><em>οἴν-</em></span> 
     </span>
     <span class='ocr_line' id='line_1_53' title="bbox 780 1818 1419 1861; baseline 0.003 -10"><span class='ocrx_word' id='word_1_316' title='bbox 780 1822 924 1860; x_wconf 77' lang='grc' dir='ltr'><em>θρωπον</em></span> <span class='ocrx_word' id='word_1_317' title='bbox 955 1818 1101 1861; x_wconf 74' lang='grc' dir='ltr'><em>στερήσῃ</em></span> <span class='ocrx_word' id='word_1_318' title='bbox 1125 1838 1170 1843; x_wconf 91' lang='lat'><em>—-</em></span> <span class='ocrx_word' id='word_1_319' title='bbox 1194 1822 1260 1851; x_wconf 79' lang='grc' dir='ltr'><em>τῶν</em></span> <span class='ocrx_word' id='word_1_320' title='bbox 1291 1821 1326 1852; x_wconf 79' lang='grc' dir='ltr'><em>δὲ</em></span> <span class='ocrx_word' id='word_1_321' title='bbox 1356 1821 1419 1853; x_wconf 77' lang='grc' dir='ltr'><em>ἅλ-</em></span> 
     </span>
     <span class='ocr_line' id='line_1_54' title="bbox 780 1863 1419 1909; baseline 0.005 -14"><span class='ocrx_word' id='word_1_322' title='bbox 780 1864 845 1896; x_wconf 89' lang='grc' dir='ltr'><em>λων</em></span> <span class='ocrx_word' id='word_1_323' title='bbox 879 1863 945 1895; x_wconf 76' lang='grc' dir='ltr'><em>δ’σα</em></span> <span class='ocrx_word' id='word_1_324' title='bbox 975 1883 1019 1888; x_wconf 92' lang='lat'><em>-—</em></span> <span class='ocrx_word' id='word_1_325' title='bbox 1050 1865 1162 1909; x_wconf 76' lang='grc' dir='ltr'><em>κτείνῃ</em></span> <span class='ocrx_word' id='word_1_326' title='bbox 1197 1865 1286 1898; x_wconf 82' lang='grc' dir='ltr'><em>τινοῖ.</em></span> <span class='ocrx_word' id='word_1_327' title='bbox 1330 1867 1419 1901; x_wconf 84' lang='lat' dir='ltr'><strong>lbid.</strong></span> 
     </span>
     <span class='ocr_line' id='line_1_55' title="bbox 779 1900 1422 1953; baseline 0.003 -12"><span class='ocrx_word' id='word_1_328' title='bbox 779 1909 838 1941; x_wconf 75' lang='grc' dir='ltr'><em>ἐὰν</em></span> <span class='ocrx_word' id='word_1_329' title='bbox 873 1908 905 1941; x_wconf 78' lang='grc' dir='ltr'><em>δ’</em></span> <span class='ocrx_word' id='word_1_330' title='bbox 951 1908 1020 1950; x_wconf 72' lang='grc' dir='ltr'><em>ἄρα</em></span> <span class='ocrx_word' id='word_1_331' title='bbox 1052 1900 1244 1953; x_wconf 66' lang='grc' dir='ltr'><em>ὑποζύγιον</em></span> <span class='ocrx_word' id='word_1_332' title='bbox 1280 1911 1301 1952; x_wconf 75' lang='grc' dir='ltr'><em>ἢ</em></span> <span class='ocrx_word' id='word_1_333' title='bbox 1337 1912 1422 1952; x_wconf 80' lang='grc' dir='ltr'><em>ζῶον</em></span> 
     </span>
     <span class='ocr_line' id='line_1_56' title="bbox 779 1955 1425 2011; baseline 0.008 -26"><span class='ocrx_word' id='word_1_334' title='bbox 779 1955 865 1986; x_wconf 84' lang='grc' dir='ltr'><em>αλλο</em></span> <span class='ocrx_word' id='word_1_335' title='bbox 890 1968 926 1986; x_wconf 78' lang='grc' dir='ltr'><em>τι</em></span> <span class='ocrx_word' id='word_1_336' title='bbox 950 1955 1099 2011; x_wconf 70' lang='grc' dir='ltr'><em>φονεύσῃ</em></span> <span class='ocrx_word' id='word_1_337' title='bbox 1126 1955 1216 1997; x_wconf 82' lang='grc' dir='ltr'><em>τινοῖ,</em></span> <span class='ocrx_word' id='word_1_338' title='bbox 1241 1957 1333 1997; x_wconf 70' lang='grc' dir='ltr'><em>πλὴν</em></span> <span class='ocrx_word' id='word_1_339' title='bbox 1357 1962 1425 1990; x_wconf 75' lang='grc' dir='ltr'><em>τῶν</em></span> 
     </span>
     <span class='ocr_line' id='line_1_57' title="bbox 780 1999 1425 2042; baseline 0.003 -10"><span class='ocrx_word' id='word_1_340' title='bbox 780 2000 848 2033; x_wconf 67' lang='grc' dir='ltr'><em>ὅσα</em></span> <span class='ocrx_word' id='word_1_341' title='bbox 890 2002 924 2032; x_wconf 79' lang='grc' dir='ltr'><em>ἐν</em></span> <span class='ocrx_word' id='word_1_342' title='bbox 962 1999 1069 2042; x_wconf 76' lang='grc' dir='ltr'><em>ἀγῶνι</em></span> <span class='ocrx_word' id='word_1_343' title='bbox 1109 2021 1152 2026; x_wconf 91' lang='lat'><em>—-</em></span> <span class='ocrx_word' id='word_1_344' title='bbox 1186 2016 1221 2034; x_wconf 79' lang='grc' dir='ltr'><em>τι</em></span> <span class='ocrx_word' id='word_1_345' title='bbox 1259 2007 1425 2036; x_wconf 78' lang='grc' dir='ltr'><em>τοιοῦτον</em></span> 
     </span>
     <span class='ocr_line' id='line_1_58' title="bbox 781 2046 1422 2090; baseline 0.005 -10"><span class='ocrx_word' id='word_1_346' title='bbox 781 2046 900 2090; x_wconf 74' lang='grc' dir='ltr'><em>δράσῃ.</em></span> <span class='ocrx_word' id='word_1_347' title='bbox 928 2047 984 2078; x_wconf 91' lang='lat' dir='ltr'><strong>ubi</strong></span> <span class='ocrx_word' id='word_1_348' title='bbox 1010 2060 1053 2079; x_wconf 86' lang='grc' dir='ltr'><em>αν</em></span> <span class='ocrx_word' id='word_1_349' title='bbox 1085 2058 1128 2079; x_wconf 85' lang='lat' dir='ltr'><em>ex</em></span> <span class='ocrx_word' id='word_1_350' title='bbox 1159 2047 1218 2079; x_wconf 80' lang='grc' dir='ltr'><em>ἐὰν</em></span> <span class='ocrx_word' id='word_1_351' title='bbox 1243 2060 1422 2083; x_wconf 79' lang='lat' dir='ltr'><strong>assumen-</strong></span> 
     </span>
     <span class='ocr_line' id='line_1_59' title="bbox 781 2093 1425 2153; baseline 0.006 -28"><span class='ocrx_word' id='word_1_352' title='bbox 781 2093 872 2127; x_wconf 86' lang='lat' dir='ltr'><em>dum.</em></span> <span class='ocrx_word' id='word_1_353' title='bbox 927 2093 1006 2125; x_wconf 84' lang='lat' dir='ltr'><em>Nec</em></span> <span class='ocrx_word' id='word_1_354' title='bbox 1038 2096 1184 2126; x_wconf 89' lang='lat' dir='ltr'><strong>muitum</strong></span> <span class='ocrx_word' id='word_1_355' title='bbox 1221 2095 1425 2153; x_wconf 77' lang='lat' dir='ltr'><strong>discrepant</strong></span> 
     </span>
     <span class='ocr_line' id='line_1_60' title="bbox 779 2138 1423 2186; baseline 0.006 -15"><span class='ocrx_word' id='word_1_356' title='bbox 779 2140 836 2171; x_wconf 89' lang='lat' dir='ltr'><strong>iiia</strong></span> <span class='ocrx_word' id='word_1_357' title='bbox 862 2138 957 2171; x_wconf 84' lang='lat' dir='ltr'><strong>libr.</strong></span> <span class='ocrx_word' id='word_1_358' title='bbox 984 2139 1023 2171; x_wconf 91' lang='lat' dir='ltr'><strong>V.</strong></span> <span class='ocrx_word' id='word_1_359' title='bbox 1041 2151 1073 2181; x_wconf 94' lang='lat' dir='ltr'><strong>p</strong></span> <span class='ocrx_word' id='word_1_360' title='bbox 1093 2140 1172 2175; x_wconf 88' lang='lat'><strong>718·</strong></span> <span class='ocrx_word' id='word_1_361' title='bbox 1190 2142 1238 2173; x_wconf 83' lang='lat' dir='ltr'><em>A·</em></span> <span class='ocrx_word' id='word_1_362' title='bbox 1268 2139 1309 2178; x_wconf 80' lang='grc' dir='ltr'><em>ὃς</em></span> <span class='ocrx_word' id='word_1_363' title='bbox 1333 2141 1423 2186; x_wconf 68' lang='grc' dir='ltr'><em>ὅπερ</em></span> 
     </span>
     <span class='ocr_line' id='line_1_61' title="bbox 780 2185 1425 2242; baseline 0.003 -25"><span class='ocrx_word' id='word_1_364' title='bbox 780 2197 823 2217; x_wconf 89' lang='grc' dir='ltr'><em>αν</em></span> <span class='ocrx_word' id='word_1_365' title='bbox 863 2188 1058 2228; x_wconf 72' lang='grc' dir='ltr'><em>τομοθέτης</em></span> <span class='ocrx_word' id='word_1_366' title='bbox 1087 2185 1208 2242; x_wconf 73' lang='grc' dir='ltr'><em>αισχρὰ</em></span> <span class='ocrx_word' id='word_1_367' title='bbox 1244 2187 1276 2218; x_wconf 80' lang='grc' dir='ltr'><em>εἶ</em></span> <span class='ocrx_word' id='word_1_368' title='bbox 1279 2201 1335 2219; x_wconf 87' lang='grc' dir='ltr'><em>ναι</em></span> <span class='ocrx_word' id='word_1_369' title='bbox 1369 2188 1425 2219; x_wconf 79' lang='grc' dir='ltr'><em>καὶ</em></span> 
     </span>
     <span class='ocr_line' id='line_1_62' title="bbox 782 2229 1424 2277; baseline 0.005 -15"><span class='ocrx_word' id='word_1_370' title='bbox 782 2229 866 2262; x_wconf 78' lang='grc' dir='ltr'><em>κακὰ</em></span> <span class='ocrx_word' id='word_1_371' title='bbox 885 2249 922 2252; x_wconf 86' lang='grc'>-</span> <span class='ocrx_word' id='word_1_372' title='bbox 943 2230 1055 2276; x_wconf 77' lang='grc' dir='ltr'><em>τάττῃ</em></span> <span class='ocrx_word' id='word_1_373' title='bbox 1077 2250 1117 2255; x_wconf 87' lang='lat'>—</span> <span class='ocrx_word' id='word_1_374' title='bbox 1133 2232 1180 2275; x_wconf 79' lang='grc' dir='ltr'><em>μὴ</em></span> <span class='ocrx_word' id='word_1_375' title='bbox 1207 2233 1314 2277; x_wconf 68' lang='grc' dir='ltr'><em>ἐθέλῃ</em></span> <span class='ocrx_word' id='word_1_376' title='bbox 1340 2233 1424 2265; x_wconf 67' lang='lat' dir='ltr'><strong>ant}-</strong></span> 
     </span>
     <span class='ocr_line' id='line_1_63' title="bbox 778 2277 1424 2318; baseline 0.003 -9"><span class='ocrx_word' id='word_1_377' title='bbox 778 2279 930 2318; x_wconf 81' lang='grc' dir='ltr'><em>χεσθαι,</em></span> <span class='ocrx_word' id='word_1_378' title='bbox 969 2277 1024 2309; x_wconf 90' lang='lat' dir='ltr'><strong>ubi</strong></span> <span class='ocrx_word' id='word_1_379' title='bbox 1061 2291 1104 2309; x_wconf 84' lang='grc' dir='ltr'><em>αν</em></span> <span class='ocrx_word' id='word_1_380' title='bbox 1144 2289 1187 2310; x_wconf 85' lang='lat' dir='ltr'><em>ex</em></span> <span class='ocrx_word' id='word_1_381' title='bbox 1221 2280 1424 2312; x_wconf 85' lang='lat' dir='ltr'><strong>secundaria</strong></span> 
     </span>
     <span class='ocr_line' id='line_1_64' title="bbox 781 2323 1425 2367; baseline 0.003 -12"><span class='ocrx_word' id='word_1_382' title='bbox 781 2323 949 2355; x_wconf 84' lang='lat' dir='ltr'><strong>enuntiati</strong></span> <span class='ocrx_word' id='word_1_383' title='bbox 976 2328 1073 2364; x_wconf 86' lang='lat' dir='ltr'><strong>parte</strong></span> <span class='ocrx_word' id='word_1_384' title='bbox 1099 2325 1200 2357; x_wconf 83' lang='lat' dir='ltr'><strong>etiam</strong></span> <span class='ocrx_word' id='word_1_385' title='bbox 1228 2326 1269 2357; x_wconf 87' lang='lat' dir='ltr'><strong>ad</strong></span> <span class='ocrx_word' id='word_1_386' title='bbox 1298 2327 1425 2367; x_wconf 88' lang='lat' dir='ltr'><strong>prima-</strong></span> 
     </span>
     <span class='ocr_line' id='line_1_65' title="bbox 782 2368 1426 2411; baseline 0.002 -10"><span class='ocrx_word' id='word_1_387' title='bbox 782 2370 868 2402; x_wconf 88' lang='lat' dir='ltr'><strong>riam</strong></span> <span class='ocrx_word' id='word_1_388' title='bbox 894 2368 1114 2402; x_wconf 86' lang='lat' dir='ltr'><strong>referendum</strong></span> <span class='ocrx_word' id='word_1_389' title='bbox 1149 2374 1222 2411; x_wconf 80' lang='lat' dir='ltr'><strong>est,</strong></span> <span class='ocrx_word' id='word_1_390' title='bbox 1255 2375 1293 2403; x_wconf 87' lang='lat' dir='ltr'><strong>ut</strong></span> <span class='ocrx_word' id='word_1_391' title='bbox 1325 2373 1426 2405; x_wconf 80' lang='lat' dir='ltr'><strong>locus</strong></span> 
     </span>
     <span class='ocr_line' id='line_1_66' title="bbox 782 2415 1426 2450; baseline 0.005 -4"><span class='ocrx_word' id='word_1_392' title='bbox 782 2415 910 2447; x_wconf 82' lang='lat' dir='ltr'><strong>frustra</strong></span> <span class='ocrx_word' id='word_1_393' title='bbox 939 2415 982 2447; x_wconf 84' lang='lat' dir='ltr'><strong>sit</strong></span> <span class='ocrx_word' id='word_1_394' title='bbox 1008 2426 1026 2447; x_wconf 88' lang='lat' dir='ltr'><strong>a</strong></span> <span class='ocrx_word' id='word_1_395' title='bbox 1057 2416 1184 2448; x_wconf 82' lang='lat' dir='ltr'><strong>criticis</strong></span> <span class='ocrx_word' id='word_1_396' title='bbox 1207 2417 1426 2450; x_wconf 83' lang='lat' dir='ltr'><strong>sollicitatus.</strong></span> 
     </span>
     <span class='ocr_line' id='line_1_67' title="bbox 785 2460 1422 2504; baseline 0.005 -12"><span class='ocrx_word' id='word_1_397' title='bbox 785 2461 835 2501; x_wconf 79' lang='lat' dir='ltr'><em>De</em></span> <span class='ocrx_word' id='word_1_398' title='bbox 879 2461 963 2492; x_wconf 89' lang='lat' dir='ltr'><strong>iocis</strong></span> <span class='ocrx_word' id='word_1_399' title='bbox 996 2460 1091 2493; x_wconf 81' lang='lat' dir='ltr'><strong>Libr.</strong></span> <span class='ocrx_word' id='word_1_400' title='bbox 1128 2462 1166 2493; x_wconf 90' lang='lat' dir='ltr'><strong>V.</strong></span> <span class='ocrx_word' id='word_1_401' title='bbox 1201 2473 1233 2504; x_wconf 90' lang='lat' dir='ltr'><strong>p.</strong></span> <span class='ocrx_word' id='word_1_402' title='bbox 1269 2463 1346 2498; x_wconf 90' lang='lat'><strong>737.</strong></span> <span class='ocrx_word' id='word_1_403' title='bbox 1385 2464 1422 2496; x_wconf 88' lang='grc' dir='ltr'><em>Β.</em></span> 
     </span>
     <span class='ocr_line' id='line_1_68' title="bbox 785 2506 1424 2550; baseline 0.003 -10"><span class='ocrx_word' id='word_1_404' title='bbox 785 2511 819 2540; x_wconf 87' lang='lat' dir='ltr'><strong>et</strong></span> <span class='ocrx_word' id='word_1_405' title='bbox 844 2507 936 2539; x_wconf 77' lang='lat' dir='ltr'><em>Vin.</em></span> <span class='ocrx_word' id='word_1_406' title='bbox 966 2517 997 2547; x_wconf 93' lang='lat' dir='ltr'><strong>p.</strong></span> <span class='ocrx_word' id='word_1_407' title='bbox 1015 2506 1094 2541; x_wconf 85' lang='lat'><strong>847.</strong></span> <span class='ocrx_word' id='word_1_408' title='bbox 1115 2508 1153 2539; x_wconf 82' lang='lat' dir='ltr'><strong>E.</strong></span> <span class='ocrx_word' id='word_1_409' title='bbox 1181 2509 1260 2550; x_wconf 85' lang='lat' dir='ltr'><strong>quid</strong></span> <span class='ocrx_word' id='word_1_410' title='bbox 1286 2514 1424 2542; x_wconf 83' lang='lat' dir='ltr'><strong>statua·</strong></span> 
     </span>
     <span class='ocr_line' id='line_1_69' title="bbox 785 2553 1424 2596; baseline 0.002 -11"><span class='ocrx_word' id='word_1_411' title='bbox 785 2562 878 2593; x_wconf 86' lang='lat' dir='ltr'><strong>mus,</strong></span> <span class='ocrx_word' id='word_1_412' title='bbox 909 2553 988 2584; x_wconf 83' lang='lat' dir='ltr'><strong>aiibi</strong></span> <span class='ocrx_word' id='word_1_413' title='bbox 1023 2553 1182 2588; x_wconf 78' lang='lat' dir='ltr'><strong>diximus.</strong></span> <span class='ocrx_word' id='word_1_414' title='bbox 1217 2574 1251 2578; x_wconf 92' lang='lat'><strong>—</strong></span> <span class='ocrx_word' id='word_1_415' title='bbox 1315 2555 1337 2596; x_wconf 78' lang='grc' dir='ltr'><em>ἤ</em></span> <span class='ocrx_word' id='word_1_416' title='bbox 1369 2569 1424 2588; x_wconf 83' lang='grc' dir='ltr'><em>τι-</em></span> 
     </span>
     <span class='ocr_line' id='line_1_70' title="bbox 786 2597 1424 2656; baseline 0.003 -26"><span class='ocrx_word' id='word_1_417' title='bbox 786 2609 858 2634; x_wconf 79' lang='grc' dir='ltr'><em>νος</em></span> <span class='ocrx_word' id='word_1_418' title='bbox 898 2597 975 2629; x_wconf 76' lang='grc' dir='ltr'><em>ὖπὶ</em></span> <span class='ocrx_word' id='word_1_419' title='bbox 1011 2598 1162 2656; x_wconf 51' lang='grc' dir='ltr'><em>ἀδίκοισι</em></span> <span class='ocrx_word' id='word_1_420' title='bbox 1195 2619 1235 2625; x_wconf 87' lang='grc'><strong>-</strong></span> <span class='ocrx_word' id='word_1_421' title='bbox 1269 2602 1424 2643; x_wconf 83' lang='grc' dir='ltr'><em>ὁμολο-</em></span> 
     </span>
     <span class='ocr_line' id='line_1_71' title="bbox 785 2643 1425 2702; baseline 0.003 -27"><span class='ocrx_word' id='word_1_422' title='bbox 785 2643 909 2687; x_wconf 73' lang='grc' dir='ltr'><em>γήσῃ,</em></span> <span class='ocrx_word' id='word_1_423' title='bbox 937 2645 958 2676; x_wconf 78' lang='grc' dir='ltr'><em>ἰ.</em></span> <span class='ocrx_word' id='word_1_424' title='bbox 987 2655 1017 2677; x_wconf 76' lang='lat' dir='ltr'><em>e.</em></span> <span class='ocrx_word' id='word_1_425' title='bbox 1046 2644 1067 2684; x_wconf 79' lang='grc' dir='ltr'><em>ἢ</em></span> <span class='ocrx_word' id='word_1_426' title='bbox 1091 2644 1115 2676; x_wconf 64' lang='grc' dir='ltr'><em>ὅ</em></span> <span class='ocrx_word' id='word_1_427' title='bbox 1139 2659 1191 2684; x_wconf 82' lang='grc' dir='ltr'><em>τις</em></span> <span class='ocrx_word' id='word_1_428' title='bbox 1214 2645 1255 2678; x_wconf 76' lang='grc' dir='ltr'><em>(ἲν</em></span> <span class='ocrx_word' id='word_1_429' title='bbox 1280 2645 1356 2702; x_wconf 69' lang='lat' dir='ltr'><em>vno&#39;t</em></span> <span class='ocrx_word' id='word_1_430' title='bbox 1375 2660 1425 2678; x_wconf 79' lang='grc' dir='ltr'><em>τι·</em></span> 
     </span>
     <span class='ocr_line' id='line_1_72' title="bbox 785 2689 1422 2736; baseline 0.006 -15"><span class='ocrx_word' id='word_1_431' title='bbox 785 2702 842 2728; x_wconf 84' lang='grc' dir='ltr'><em>νος</em></span> <span class='ocrx_word' id='word_1_432' title='bbox 858 2690 979 2722; x_wconf 78' lang='grc' dir='ltr'><em>ἀδίκου</em></span> <span class='ocrx_word' id='word_1_433' title='bbox 1000 2689 1147 2734; x_wconf 72' lang='grc' dir='ltr'><em>ἀνάγκης</em></span> <span class='ocrx_word' id='word_1_434' title='bbox 1158 2692 1321 2734; x_wconf 79' lang='grc' dir='ltr'><em>βιασθεὶς</em></span> <span class='ocrx_word' id='word_1_435' title='bbox 1339 2690 1422 2736; x_wconf 83' lang='grc' dir='ltr'><em>ὁμο·</em></span> 
     </span>
     <span class='ocr_line' id='line_1_73' title="bbox 787 2735 1082 2779; baseline 0 -11"><span class='ocrx_word' id='word_1_436' title='bbox 787 2735 914 2779; x_wconf 81' lang='grc' dir='ltr'><em>λογήσῃ</em></span> <span class='ocrx_word' id='word_1_437' title='bbox 939 2749 968 2769; x_wconf 76' lang='grc' dir='ltr'><em>κ.</em></span> <span class='ocrx_word' id='word_1_438' title='bbox 995 2749 1026 2768; x_wconf 83' lang='grc' dir='ltr'><em>τ.</em></span> <span class='ocrx_word' id='word_1_439' title='bbox 1052 2736 1082 2768; x_wconf 88' lang='grc' dir='ltr'><em>λ.</em></span> 
     </span>
    </p>
   </div>
  </div>
 </body>
</html>
