1781 2971
342 183 422 223 116
792 177 1251 221 ARGUMENTUM

338 293 552 335 currerint
594 298 636 331 et
678 291 979 345 conglutinata
1026 292 1135 344 sint,
1185 291 1344 347 frigida
1383 306 1480 332 cum
1520 291 1687 343 calidis,

338 351 454 393 sicca
497 362 594 389 cum
629 346 842 399 humidis,
876 347 1022 388 mollia
1053 362 1150 390 cum
1182 347 1327 400 duris,
1368 346 1556 402 denique
1586 363 1688 390 con·

337 406 470 447 traria
511 419 607 445 cum
649 403 901 455 contrariis,
951 402 1083 457 idque
1123 419 1210 446 non
1251 403 1502 445 moderante
1543 404 1689 458 aliqua

338 468 479 502 mente
521 459 670 501 divina
708 458 787 501 s'ed
831 459 976 514 potius
1006 460 1120 501 ultro
1154 468 1283 514 atque
1315 467 1470 516 sponte
1500 461 1561 502 ita
1591 475 1687 502 eve—

337 517 461 559 nerit.
522 516 616 557 Iam
647 531 750 557 vero
789 515 844 557 ad
877 522 1071 557 naturam
1101 523 1231 571 atque
1261 531 1411 559 casum
1441 523 1592 572 postea
1622 531 1688 558 ar·

336 581 422 616 tem
464 573 678 628 (τέχνην)
710 572 948 614 accessisse
992 578 1204 621 statuunt.
1232 588 1395 615 merum
1447 573 1688 615 mortalium

335 631 586 682 inventum,
628 628 745 684 quod
787 635 832 671 et
873 629 1015 683 ipsum
1054 628 1233 670 mortale
1277 630 1345 672 sit.
1409 629 1515 671 Eam
1545 637 1688 672 autem

335 697 516 729 censent
555 701 700 727 earum
739 692 907 727 tantum
949 700 1093 726 rerum
1124 687 1459 741 procreatricem
1489 700 1587 728 esse
1618 700 1688 728 so-

334 744 448 796 lere,
489 757 600 798 quae
639 758 727 784 non
765 741 960 784 veritatis
1001 742 1236 798 participes
1283 741 1360 784 sed
1389 742 1528 797 ipsius
1563 742 1688 797 quasi

336 799 549 855 quaedam
590 798 800 855 imagines
841 799 950 849 sint;
991 814 1089 840 nam
1131 806 1245 840 artes
1277 799 1312 841 si
1345 798 1449 854 quid
1481 799 1686 851 efficiant,

336 855 454 912 quod
491 856 651 898 habeat
691 855 943 909 veritatem,
974 854 1020 896 id
1050 856 1193 911 ipsum
1225 871 1312 898 non
1342 856 1508 899 artibus
1539 855 1687 898 deberi

335 913 622 964 arbitrantur,
654 911 732 954 sed
761 912 907 967 potius
937 918 1144 965 naturae,
1188 912 1312 955 cuius
1341 912 1429 954 vim
1459 912 1559 954 illae
1589 927 1688 968 par-

333 969 636 1025 ticipaverint,
673 967 718 1008 id
757 967 877 1022 quod
906 969 951 1009 in
979 975 1072 1009 arte
1103 967 1298 1012 medica..
1330 969 1375 1010 in
1406 968 1686 1025 agricultura,

333 1027 378 1067 in
408 1025 697 1082 gymnastiea,
731 1025 774 1065 in
806 1024 917 1077 aliis,
950 1025 1011 1066 ita
1039 1023 1238 1066 accidere
1259 1024 1412 1066 soleat.
1471 1025 1566 1066 Iam
1586 1039 1688 1067 vero

332 1084 445 1124 inter
489 1088 603 1124 artes
634 1081 765 1122 etiam
795 1081 1068 1137 disciplinam
1098 1081 1268 1123 civilem
1307 1081 1576 1136 (πολιτικὴν)
1605 1097 1688 1123 nu-

331 1138 582 1181 merandam
620 1151 717 1180 esse
748 1138 1020 1192 existimant,
1062 1152 1173 1192 quae
1213 1144 1358 1179 tamen
1398 1139 1556 1194 exigua
1594 1143 1688 1180 tan—

330 1202 422 1237 tum
461 1210 558 1237 cum
595 1195 689 1250 ipsa
734 1201 891 1236 natura
929 1195 1175 1237 communia
1213 1194 1384 1236 habeat.
1443 1194 1554 1236 Inde
1584 1209 1688 1237 vero

333 1253 462 1294 etiam
502 1252 647 1308 legum
688 1251 970 1307 scriptionem
1015 1266 1102 1293 non
1141 1258 1296 1292 natura
1345 1250 1423 1293 sed
1472 1258 1566 1293 arte
1606 1251 1688 1294 niti

331 1309 570 1365 colligunt,
613 1314 661 1349 ut
693 1308 784 1350 eius
816 1307 993 1350 decreta
1022 1314 1067 1349 et
1096 1308 1298 1359 instituta
1326 1308 1511 1349 veritate
1541 1321 1688 1350 carere

331 1365 566 1408 iudicanda
606 1365 706 1406 sint.
781 1367 931 1419 Atque
971 1365 1070 1406 hinc
1111 1364 1299 1418 denique
1340 1364 1470 1405 etiam
1501 1364 1687 1421 intelligi

331 1438 460 1479 posse
493 1423 639 1474 aiunt,
680 1421 785 1476 quid
818 1421 872 1463 de
903 1421 985 1463 diis
1015 1436 1251 1475 eorumque
1283 1421 1404 1462 cultu
1434 1427 1478 1462 et
1508 1436 1687 1463 venera-

331 1480 452 1521 tione
492 1477 827 1520 existimandum
869 1478 935 1520 sit.
1007 1478 1123 1519 Nam
1161 1477 1347 1533 primum
1376 1477 1551 1532 quidem
1582 1477 1688 1520 deos

330 1543 450 1578 ortos
482 1550 578 1577 esse
610 1534 762 1576 dicunt
789 1550 877 1576 non
910 1541 1080 1589 natura,
1111 1533 1190 1576 sed
1220 1540 1335 1587 arte,
1368 1533 1452 1577 hoc
1482 1540 1550 1576 est
1578 1534 1688 1591 legi-

329 1593 410 1635 bus
449 1592 503 1634 ab
554 1591 801 1633 hominibus
849 1591 1036 1633 inventis
1089 1598 1220 1645 atque
1269 1590 1451 1647 publice·
1490 1591 1685 1644 sancitis,

329 1664 492 1704 eosque
532 1647 638 1690 alios
678 1648 796 1704 apud
834 1647 967 1700 alios,
1008 1648 1153 1704 prouti
1195 1647 1357 1702 quique
1398 1648 1513 1689 inter
1554 1663 1599 1690 se
1632 1647 1686 1690 de

328 1721 411 1748 usu
451 1712 494 1747 et
532 1705 630 1761 lege
673 1705 979 1756 convene1·int;
1020 1703 1175 1746 deinde
1207 1704 1334 1746 etiam
1366 1703 1552 1746 honesta
1582 1719 1685 1747 con-

329 1762 520 1804 tendunt
570 1761 656 1802 alia
694 1776 790 1804 esse
841 1761 966 1818 lege,
1017 1761 1102 1803 alia
1149 1766 1326 1811 natura3
1376 1761 1490 1803 iusta
1539 1768 1684 1803 autem

329 1819 473 1861 omnia
531 1825 711 1860 naturae
772 1818 952 1860 veritate
1009 1833 1156 1861 carere
1221 1817 1509 1871 arbitrantur,
1568 1817 1684 1860 unde

328 1877 458 1918 etiam
497 1875 560 1917 ita
589 1875 690 1927 fiat,
732 1881 780 1916 ut
808 1874 1004 1917 homines
1035 1874 1088 1916 de
1120 1874 1173 1917 iis
1203 1881 1415 1931 perpetuo
1446 1874 1683 1931 ambigant,

327 1932 412 1974 alia
466 1938 599 1986 atque
649 1931 734 1973 alia
782 1939 991 1986 tanquam
1038 1931 1154 1973 iusta
1212 1930 1434 1984 sanciant,
1496 1930 1685 1986 denique

326 1989 400 2030 illa
437 1989 559 2030 varia
607 1994 651 2029 et
691 1987 951 2043 multiplicia
990 2003 1085 2030 esse
1124 1994 1303 2044 putent,
1349 1987 1511 2043 quippe
1552 2003 1684 2043 quum

325 2046 465 2100 ipsius
512 2056 692 2087 naturae
758 2051 934 2087 careant
989 2044 1332 2087 confirmatione.
1419 2043 1543 2086 Haec
1601 2045 1684 2102 igi-

325 2110 397 2144 tur
435 2108 563 2154 sunt,
600 2101 744 2156 inquit
774 2101 1085 2155 Atheniensis,
1130 2116 1240 2157 quae
1282 2101 1355 2143 isti
1394 2100 1588 2144 homines
1630 2101 1683 2144 de

325 2159 392 2201 his
433 2158 564 2200 rebus
605 2163 804 2200 statuunt
847 2164 892 2199 et
921 2158 1184 2200 existimant.
1245 2155 1369 2209 Quae
1402 2156 1578 2210 quidem
1611 2173 1683 2200 eo-

324 2231 420 2257 rum
459 2213 688 2269 opiniones
741 2214 814 2256 ubi
853 2214 985 2256 latius
1034 2214 1198 2256 fuerint
1247 2213 1553 2255 disseminatae
1605 2213 1682 2255 im-

325 2271 562 2326 primisque
594 2271 723 2312 etiam
755 2271 909 2313 animis
939 2269 1281 2313 adolescentium
1301 2269 1553 2323 instillatae,
1586 2270 1681 2313 fieri

325 2329 524 2383 protecto
565 2342 652 2369 non
686 2328 872 2382 poterit,
915 2327 1020 2381 quin
1051 2327 1190 2370 omnis
1220 2326 1452 2382 disciplina
1485 2333 1572 2368 tam
1603 2342 1680 2382 pu-

328 2385 441 2427 blica
485 2398 613 2438 quam
655 2384 827 2440 privata
868 2398 1079 2439 praeceps
1130 2389 1226 2425 ruat
1273 2390 1404 2438 atque
1448 2384 1682 2426 universae

323 2441 590 2496 reipublicae
635 2441 751 2483 salus
791 2441 837 2482 in
880 2440 1111 2482 maximum
1147 2439 1377 2483 discrimen
1427 2439 1678 2483 deducatur.

322 2499 441 2539 Huic
471 2502 615 2538 autem
645 2497 758 2539 malo
791 2512 1025 2552 sanequam
1054 2497 1238 2538 maximo
1265 2503 1311 2538 ut
1343 2502 1554 2551 quantum
1585 2496 1677 2539 fieri

322 2554 464 2609 possit
492 2561 770 2607 occurratur,
818 2560 934 2596 certe
975 2570 1062 2596 non
1093 2555 1197 2596 satis
1239 2560 1303 2596 est
1341 2560 1389 2595 ut
1428 2567 1595 2609 poenae
1636 2562 1681 2596 et

321 2610 535 2667 supplicia
584 2610 628 2652 in
669 2610 827 2666 impios
860 2611 1204 2659 constituantur3
1245 2610 1331 2652 imo
1374 2610 1509 2652 multo
1541 2610 1678 2667 magis

320 2668 450 2709 etiam
494 2681 603 2722 opus
652 2674 719 2709 est
758 2667 982 2720 doctrina,
1035 2666 1352 2719 admonitione,
1395 2667 1678 2722 persuasione

321 2724 524 2778 denique,
557 2738 644 2777 qua
664 2723 894 2777 efficiatur,
930 2731 977 2767 ut
1009 2725 1126 2767 cives
1157 2724 1271 2766 ultro
1302 2722 1483 2766 credant
1513 2738 1563 2766 ac
1595 2723 1676 2766 sibi

1763 1784 1767 1820 l

1762 1829 1767 1852 e

1760 1854 1766 1923 ἔ

1759 1928 1763 1996 ἓ

1757 2001 1763 2090 l

1755 2099 1759 2159 l

1754 2162 1757 2189 l

1754 2199 1756 2228 ἔ

1752 2231 1756 2265 l

1752 2274 1754 2309 Ι
