<?xml version="1.0" encoding="UTF-8"?>
<!DOCTYPE html PUBLIC "-//W3C//DTD XHTML 1.0 Transitional//EN"
    "http://www.w3.org/TR/xhtml1/DTD/xhtml1-transitional.dtd">
<html xmlns="http://www.w3.org/1999/xhtml" xml:lang="en" lang="en">
 <head>
  <title>
</title>
<meta http-equiv="Content-Type" content="text/html;charset=utf-8" />
  <meta name='ocr-system' content='tesseract 3.04.00' />
  <meta name='ocr-capabilities' content='ocr_page ocr_carea ocr_par ocr_line ocrx_word'/>
</head>
<body>
  <div class='ocr_page' id='page_1' title='image "./n3operaomniarecens10platuoft/n3operaomniarecens10platuoft_0446.png"; bbox 0 0 1781 2971; ppageno 0'>
   <div class='ocr_carea' id='block_1_1' title="bbox 295 126 1203 174">
    <p class='ocr_par' dir='ltr' id='par_1_1' title="bbox 295 126 1203 174">
     <span class='ocr_line' id='line_1_1' title="bbox 295 126 1203 174; baseline -0.004 -1"><span class='ocrx_word' id='word_1_1' title='bbox 295 132 375 174; x_wconf 73' lang='lat'>442</span> <span class='ocrx_word' id='word_1_2' title='bbox 722 129 803 170; x_wconf 87' lang='lat' dir='ltr'>DE</span> <span class='ocrx_word' id='word_1_3' title='bbox 836 126 1203 170; x_wconf 74' lang='lat' dir='ltr'>EPINOMIDIS</span> 
     </span>
    </p>
   </div>
   <div class='ocr_carea' id='block_1_2' title="bbox 295 239 1647 2739">
    <p class='ocr_par' dir='ltr' id='par_1_2' title="bbox 295 239 1647 2739">
     <span class='ocr_line' id='line_1_2' title="bbox 296 239 1626 295; baseline -0.004 -13"><span class='ocrx_word' id='word_1_4' title='bbox 296 243 346 282; x_wconf 85' lang='lat' dir='ltr'>B.</span> <span class='ocrx_word' id='word_1_5' title='bbox 380 241 430 283; x_wconf 91' lang='lat' dir='ltr'>C.</span> <span class='ocrx_word' id='word_1_6' title='bbox 463 240 529 282; x_wconf 88' lang='lat' dir='ltr'>ed.</span> <span class='ocrx_word' id='word_1_7' title='bbox 561 241 710 295; x_wconf 81' lang='lat' dir='ltr'>Viger.</span> <span class='ocrx_word' id='word_1_8' title='bbox 745 240 997 282; x_wconf 84' lang='lat' dir='ltr'>Clemens</span> <span class='ocrx_word' id='word_1_9' title='bbox 1031 241 1180 281; x_wconf 87' lang='lat' dir='ltr'>Alex.</span> <span class='ocrx_word' id='word_1_10' title='bbox 1214 239 1374 282; x_wconf 83' lang='lat' dir='ltr'>Strom.</span> <span class='ocrx_word' id='word_1_11' title='bbox 1398 239 1482 280; x_wconf 89' lang='lat' dir='ltr'>III.</span> <span class='ocrx_word' id='word_1_12' title='bbox 1514 240 1553 280; x_wconf 73' lang='grc' dir='ltr'><strong>ὃ.</strong></span> <span class='ocrx_word' id='word_1_13' title='bbox 1586 254 1626 292; x_wconf 88' lang='lat' dir='ltr'>p.</span> 
     </span>
     <span class='ocr_line' id='line_1_3' title="bbox 295 295 1627 352; baseline -0.003 -14"><span class='ocrx_word' id='word_1_14' title='bbox 295 301 391 340; x_wconf 76' lang='lat'>434.</span> <span class='ocrx_word' id='word_1_15' title='bbox 419 298 469 339; x_wconf 90' lang='lat' dir='ltr'>C.</span> <span class='ocrx_word' id='word_1_16' title='bbox 495 297 629 339; x_wconf 85' lang='lat' dir='ltr'>XIII.</span> <span class='ocrx_word' id='word_1_17' title='bbox 658 299 718 339; x_wconf 77' lang='lat'>18.</span> <span class='ocrx_word' id='word_1_18' title='bbox 752 313 794 352; x_wconf 81' lang='lat' dir='ltr'>p.</span> <span class='ocrx_word' id='word_1_19' title='bbox 818 300 911 339; x_wconf 65' lang='lat'><strong>702).</strong></span> <span class='ocrx_word' id='word_1_20' title='bbox 945 297 994 338; x_wconf 85' lang='lat' dir='ltr'>C.</span> <span class='ocrx_word' id='word_1_21' title='bbox 1028 296 1408 338; x_wconf 88' lang='lat' dir='ltr'>Theodoretus</span> <span class='ocrx_word' id='word_1_22' title='bbox 1442 295 1627 349; x_wconf 86' lang='lat' dir='ltr'>Therap.</span> 
     </span>
     <span class='ocr_line' id='line_1_4' title="bbox 297 351 1627 410; baseline -0.005 -14"><span class='ocrx_word' id='word_1_23' title='bbox 297 355 492 397; x_wconf 88' lang='lat' dir='ltr'>Sermon.</span> <span class='ocrx_word' id='word_1_24' title='bbox 528 354 589 394; x_wconf 92' lang='lat' dir='ltr'>II.</span> <span class='ocrx_word' id='word_1_25' title='bbox 635 370 675 410; x_wconf 89' lang='lat' dir='ltr'>p.</span> <span class='ocrx_word' id='word_1_26' title='bbox 708 356 803 395; x_wconf 69' lang='lat'>499.</span> <span class='ocrx_word' id='word_1_27' title='bbox 853 357 904 395; x_wconf 89' lang='lat' dir='ltr'>A.</span> <span class='ocrx_word' id='word_1_28' title='bbox 940 355 988 396; x_wconf 88' lang='lat' dir='ltr'>B.</span> <span class='ocrx_word' id='word_1_29' title='bbox 1023 352 1274 410; x_wconf 87' lang='lat' dir='ltr'>Cyrillus</span> <span class='ocrx_word' id='word_1_30' title='bbox 1315 353 1467 394; x_wconf 83' lang='lat' dir='ltr'><strong>Alex.</strong></span> <span class='ocrx_word' id='word_1_31' title='bbox 1513 351 1627 393; x_wconf 86' lang='lat' dir='ltr'>Adv.</span> 
     </span>
     <span class='ocr_line' id='line_1_5' title="bbox 297 409 1628 465; baseline -0.003 -13"><span class='ocrx_word' id='word_1_32' title='bbox 297 412 452 452; x_wconf 71' lang='lat' dir='ltr'>Iulian.</span> <span class='ocrx_word' id='word_1_33' title='bbox 486 411 615 453; x_wconf 87' lang='lat' dir='ltr'>VIII.</span> <span class='ocrx_word' id='word_1_34' title='bbox 649 426 690 465; x_wconf 89' lang='lat' dir='ltr'>p.</span> <span class='ocrx_word' id='word_1_35' title='bbox 726 412 819 451; x_wconf 72' lang='lat'>271.</span> <span class='ocrx_word' id='word_1_36' title='bbox 851 411 900 451; x_wconf 86' lang='lat' dir='ltr'>B.</span> <span class='ocrx_word' id='word_1_37' title='bbox 932 410 1297 451; x_wconf 85' lang='lat' dir='ltr'>Nicomachus</span> <span class='ocrx_word' id='word_1_38' title='bbox 1332 409 1563 450; x_wconf 85' lang='lat' dir='ltr'>Arithmet.</span> <span class='ocrx_word' id='word_1_39' title='bbox 1589 424 1628 464; x_wconf 83' lang='lat' dir='ltr'>p.</span> 
     </span>
     <span class='ocr_line' id='line_1_6' title="bbox 298 466 1630 523; baseline -0.004 -14"><span class='ocrx_word' id='word_1_40' title='bbox 298 471 363 510; x_wconf 80' lang='grc'>20.</span> <span class='ocrx_word' id='word_1_41' title='bbox 396 477 438 510; x_wconf 91' lang='lat' dir='ltr'>et</span> <span class='ocrx_word' id='word_1_42' title='bbox 469 470 533 510; x_wconf 77' lang='grc'>70.</span> <span class='ocrx_word' id='word_1_43' title='bbox 568 467 633 509; x_wconf 87' lang='lat' dir='ltr'>ed.</span> <span class='ocrx_word' id='word_1_44' title='bbox 666 470 762 509; x_wconf 88' lang='lat' dir='ltr'>Ast.</span> <span class='ocrx_word' id='word_1_45' title='bbox 806 469 1010 508; x_wconf 80' lang='lat' dir='ltr'>Harmon.</span> <span class='ocrx_word' id='word_1_46' title='bbox 1044 484 1083 523; x_wconf 86' lang='lat' dir='ltr'>p.</span> <span class='ocrx_word' id='word_1_47' title='bbox 1116 471 1183 508; x_wconf 80' lang='lat'>41.</span> <span class='ocrx_word' id='word_1_48' title='bbox 1217 466 1282 507; x_wconf 86' lang='lat' dir='ltr'>ed.</span> <span class='ocrx_word' id='word_1_49' title='bbox 1315 467 1447 508; x_wconf 78' lang='lat' dir='ltr'>Meib.</span> <span class='ocrx_word' id='word_1_50' title='bbox 1481 466 1630 506; x_wconf 84' lang='lat' dir='ltr'>Theo</span> 
     </span>
     <span class='ocr_line' id='line_1_7' title="bbox 298 523 1630 582; baseline -0.004 -16"><span class='ocrx_word' id='word_1_51' title='bbox 298 525 505 582; x_wconf 83' lang='lat' dir='ltr'>Smyrn.</span> <span class='ocrx_word' id='word_1_52' title='bbox 560 525 629 565; x_wconf 92' lang='lat' dir='ltr'>De</span> <span class='ocrx_word' id='word_1_53' title='bbox 661 524 869 565; x_wconf 69' lang='lat' dir='ltr'>Mathem.</span> <span class='ocrx_word' id='word_1_54' title='bbox 905 541 945 579; x_wconf 87' lang='lat' dir='ltr'>p.</span> <span class='ocrx_word' id='word_1_55' title='bbox 979 527 1016 565; x_wconf 79' lang='lat'>3.</span> <span class='ocrx_word' id='word_1_56' title='bbox 1050 531 1092 564; x_wconf 89' lang='lat' dir='ltr'>et</span> <span class='ocrx_word' id='word_1_57' title='bbox 1130 526 1188 565; x_wconf 87' lang='lat'>10.</span> <span class='ocrx_word' id='word_1_58' title='bbox 1221 539 1283 577; x_wconf 87' lang='lat' dir='ltr'>sq.</span> <span class='ocrx_word' id='word_1_59' title='bbox 1350 524 1415 564; x_wconf 85' lang='lat' dir='ltr'>De</span> <span class='ocrx_word' id='word_1_60' title='bbox 1446 523 1561 563; x_wconf 84' lang='lat' dir='ltr'>Mus.</span> <span class='ocrx_word' id='word_1_61' title='bbox 1591 537 1630 576; x_wconf 91' lang='lat' dir='ltr'>p.</span> 
     </span>
     <span class='ocr_line' id='line_1_8' title="bbox 296 579 1631 635; baseline -0.004 -12"><span class='ocrx_word' id='word_1_62' title='bbox 296 585 364 624; x_wconf 83' lang='lat'>31.</span> <span class='ocrx_word' id='word_1_63' title='bbox 399 590 443 624; x_wconf 90' lang='lat' dir='ltr'>et</span> <span class='ocrx_word' id='word_1_64' title='bbox 474 583 541 623; x_wconf 78' lang='lat'>33.</span> <span class='ocrx_word' id='word_1_65' title='bbox 577 582 677 622; x_wconf 83' lang='lat' dir='ltr'>Pro</span> <span class='ocrx_word' id='word_1_66' title='bbox 694 581 812 622; x_wconf 88' lang='lat' dir='ltr'>clus</span> <span class='ocrx_word' id='word_1_67' title='bbox 844 582 888 621; x_wconf 93' lang='lat' dir='ltr'>in</span> <span class='ocrx_word' id='word_1_68' title='bbox 920 580 1090 622; x_wconf 79' lang='lat' dir='ltr'>Euelid,</span> <span class='ocrx_word' id='word_1_69' title='bbox 1123 580 1156 621; x_wconf 88' lang='lat' dir='ltr'>I.</span> <span class='ocrx_word' id='word_1_70' title='bbox 1189 597 1229 635; x_wconf 89' lang='lat' dir='ltr'>p.</span> <span class='ocrx_word' id='word_1_71' title='bbox 1268 583 1328 622; x_wconf 72' lang='lat'>12.</span> <span class='ocrx_word' id='word_1_72' title='bbox 1368 581 1410 620; x_wconf 91' lang='lat' dir='ltr'>in</span> <span class='ocrx_word' id='word_1_73' title='bbox 1450 579 1558 619; x_wconf 84' lang='lat' dir='ltr'>Tim.</span> <span class='ocrx_word' id='word_1_74' title='bbox 1590 594 1631 633; x_wconf 90' lang='lat' dir='ltr'>p.</span> 
     </span>
     <span class='ocr_line' id='line_1_9' title="bbox 298 635 1633 692; baseline -0.004 -12"><span class='ocrx_word' id='word_1_75' title='bbox 298 640 393 681; x_wconf 67' lang='lat'>²269.</span> <span class='ocrx_word' id='word_1_76' title='bbox 428 638 477 680; x_wconf 87' lang='lat' dir='ltr'>C.</span> <span class='ocrx_word' id='word_1_77' title='bbox 509 639 582 692; x_wconf 86' lang='lat' dir='ltr'>qui</span> <span class='ocrx_word' id='word_1_78' title='bbox 612 637 767 678; x_wconf 86' lang='lat' dir='ltr'>librum</span> <span class='ocrx_word' id='word_1_79' title='bbox 799 637 983 679; x_wconf 79' lang='lat' dir='ltr'>subinde</span> <span class='ocrx_word' id='word_1_80' title='bbox 1017 638 1142 678; x_wconf 90' lang='lat' dir='ltr'>etiam</span> <span class='ocrx_word' id='word_1_81' title='bbox 1184 637 1279 677; x_wconf 88' lang='lat' dir='ltr'>libri</span> <span class='ocrx_word' id='word_1_82' title='bbox 1323 637 1438 677; x_wconf 90' lang='lat' dir='ltr'>tertii</span> <span class='ocrx_word' id='word_1_83' title='bbox 1479 635 1633 676; x_wconf 88' lang='lat' dir='ltr'>decimi</span> 
     </span>
     <span class='ocr_line' id='line_1_10' title="bbox 297 692 1634 751; baseline -0.004 -14"><span class='ocrx_word' id='word_1_84' title='bbox 297 697 464 751; x_wconf 80' lang='lat' dir='ltr'>Legum</span> <span class='ocrx_word' id='word_1_85' title='bbox 499 695 817 736; x_wconf 79' lang='lat' dir='ltr'>Platonicarum</span> <span class='ocrx_word' id='word_1_86' title='bbox 860 695 1028 735; x_wconf 87' lang='lat' dir='ltr'>nomine</span> <span class='ocrx_word' id='word_1_87' title='bbox 1074 695 1338 750; x_wconf 86' lang='lat' dir='ltr'>insigniunt,</span> <span class='ocrx_word' id='word_1_88' title='bbox 1381 700 1429 734; x_wconf 94' lang='lat' dir='ltr'>ut</span> <span class='ocrx_word' id='word_1_89' title='bbox 1474 692 1634 733; x_wconf 76' lang='lat' dir='ltr'>diserte</span> 
     </span>
     <span class='ocr_line' id='line_1_11' title="bbox 297 749 1632 807; baseline -0.004 -13"><span class='ocrx_word' id='word_1_90' title='bbox 297 754 400 794; x_wconf 75' lang='lat' dir='ltr'>tecit</span> <span class='ocrx_word' id='word_1_91' title='bbox 431 751 809 794; x_wconf 88' lang='lat' dir='ltr'>Nicomachus</span> <span class='ocrx_word' id='word_1_92' title='bbox 842 751 958 807; x_wconf 82' lang='lat' dir='ltr'>Isag.</span> <span class='ocrx_word' id='word_1_93' title='bbox 989 750 1220 792; x_wconf 82' lang='lat' dir='ltr'>Arithmet.</span> <span class='ocrx_word' id='word_1_94' title='bbox 1267 766 1307 804; x_wconf 88' lang='lat' dir='ltr'>p.</span> <span class='ocrx_word' id='word_1_95' title='bbox 1341 751 1406 792; x_wconf 71' lang='grc' dir='ltr'><strong>ΤΟ.</strong></span> <span class='ocrx_word' id='word_1_96' title='bbox 1438 749 1504 791; x_wconf 91' lang='lat' dir='ltr'>ed.</span> <span class='ocrx_word' id='word_1_97' title='bbox 1536 751 1632 790; x_wconf 89' lang='lat' dir='ltr'>Ast.</span> 
     </span>
     <span class='ocr_line' id='line_1_12' title="bbox 298 805 1632 864; baseline -0.005 -13"><span class='ocrx_word' id='word_1_98' title='bbox 298 813 447 864; x_wconf 82' lang='lat' dir='ltr'><strong>Atque</strong></span> <span class='ocrx_word' id='word_1_99' title='bbox 486 809 612 849; x_wconf 86' lang='lat' dir='ltr'>etiam</span> <span class='ocrx_word' id='word_1_100' title='bbox 654 808 724 849; x_wconf 87' lang='lat' dir='ltr'>ille</span> <span class='ocrx_word' id='word_1_101' title='bbox 765 808 856 863; x_wconf 86' lang='lat' dir='ltr'>ipse</span> <span class='ocrx_word' id='word_1_102' title='bbox 899 808 1187 863; x_wconf 81' lang='lat' dir='ltr'>Diogenes</span> <span class='ocrx_word' id='word_1_103' title='bbox 1228 807 1518 858; x_wconf 77' lang='lat' dir='ltr'>Laertius,</span> <span class='ocrx_word' id='word_1_104' title='bbox 1561 805 1632 858; x_wconf 88' lang='lat' dir='ltr'>qui</span> 
     </span>
     <span class='ocr_line' id='line_1_13' title="bbox 298 862 1634 918; baseline -0.004 -11"><span class='ocrx_word' id='word_1_105' title='bbox 298 882 408 908; x_wconf 88' lang='lat' dir='ltr'>unus</span> <span class='ocrx_word' id='word_1_106' title='bbox 432 866 518 906; x_wconf 85' lang='lat' dir='ltr'>fere</span> <span class='ocrx_word' id='word_1_107' title='bbox 551 872 741 906; x_wconf 82' lang='lat' dir='ltr'>veterum</span> <span class='ocrx_word' id='word_1_108' title='bbox 773 866 1019 906; x_wconf 78' lang='lat' dir='ltr'>criticorum</span> <span class='ocrx_word' id='word_1_109' title='bbox 1052 865 1103 905; x_wconf 87' lang='lat' dir='ltr'>de</span> <span class='ocrx_word' id='word_1_110' title='bbox 1130 864 1221 905; x_wconf 88' lang='lat' dir='ltr'>eius</span> <span class='ocrx_word' id='word_1_111' title='bbox 1253 864 1490 918; x_wconf 78' lang='lat' dir='ltr'>originibus</span> <span class='ocrx_word' id='word_1_112' title='bbox 1512 862 1634 902; x_wconf 89' lang='lat' dir='ltr'>dubi-</span> 
     </span>
     <span class='ocr_line' id='line_1_14' title="bbox 298 920 1634 976; baseline -0.004 -12"><span class='ocrx_word' id='word_1_113' title='bbox 298 925 485 965; x_wconf 81' lang='lat' dir='ltr'>tationes</span> <span class='ocrx_word' id='word_1_114' title='bbox 526 921 580 962; x_wconf 79' lang='lat' dir='ltr'>ad</span> <span class='ocrx_word' id='word_1_115' title='bbox 621 922 889 976; x_wconf 79' lang='lat' dir='ltr'>posteritatis</span> <span class='ocrx_word' id='word_1_116' title='bbox 945 921 1190 962; x_wconf 75' lang='lat' dir='ltr'>memoriam</span> <span class='ocrx_word' id='word_1_117' title='bbox 1241 920 1453 974; x_wconf 77' lang='lat' dir='ltr'>prodidit,</span> <span class='ocrx_word' id='word_1_118' title='bbox 1492 926 1634 959; x_wconf 86' lang='lat' dir='ltr'>tamen</span> 
     </span>
     <span class='ocr_line' id='line_1_15' title="bbox 298 975 1637 1032; baseline -0.005 -10"><span class='ocrx_word' id='word_1_119' title='bbox 298 982 418 1022; x_wconf 85' lang='lat' dir='ltr'>Libr.</span> <span class='ocrx_word' id='word_1_120' title='bbox 452 977 536 1019; x_wconf 79' lang='lat' dir='ltr'>III.</span> <span class='ocrx_word' id='word_1_121' title='bbox 569 981 635 1019; x_wconf 78' lang='lat'>37.</span> <span class='ocrx_word' id='word_1_122' title='bbox 668 994 753 1032; x_wconf 91' lang='lat' dir='ltr'>quo</span> <span class='ocrx_word' id='word_1_123' title='bbox 786 979 880 1019; x_wconf 80' lang='lat' dir='ltr'>loco</span> <span class='ocrx_word' id='word_1_124' title='bbox 913 978 1176 1018; x_wconf 88' lang='lat' dir='ltr'>adulterinos</span> <span class='ocrx_word' id='word_1_125' title='bbox 1212 977 1404 1017; x_wconf 80' lang='lat' dir='ltr'>Platonis</span> <span class='ocrx_word' id='word_1_126' title='bbox 1442 975 1637 1030; x_wconf 81' lang='lat' dir='ltr'>dialogos</span> 
     </span>
     <span class='ocr_line' id='line_1_16' title="bbox 298 1031 1635 1090; baseline -0.004 -12"><span class='ocrx_word' id='word_1_127' title='bbox 298 1042 536 1089; x_wconf 81' lang='lat' dir='ltr'>enumerat,</span> <span class='ocrx_word' id='word_1_128' title='bbox 568 1035 686 1076; x_wconf 88' lang='lat' dir='ltr'>illum</span> <span class='ocrx_word' id='word_1_129' title='bbox 711 1035 835 1090; x_wconf 85' lang='lat' dir='ltr'>plane</span> <span class='ocrx_word' id='word_1_130' title='bbox 853 1035 1104 1075; x_wconf 72' lang='lat' dir='ltr'>transmittit</span> <span class='ocrx_word' id='word_1_131' title='bbox 1126 1033 1312 1086; x_wconf 88' lang='lat' dir='ltr'>silentio,</span> <span class='ocrx_word' id='word_1_132' title='bbox 1336 1048 1385 1073; x_wconf 87' lang='lat' dir='ltr'>ac</span> <span class='ocrx_word' id='word_1_133' title='bbox 1407 1033 1526 1074; x_wconf 79' lang='lat' dir='ltr'>Libr.</span> <span class='ocrx_word' id='word_1_134' title='bbox 1552 1031 1635 1072; x_wconf 80' lang='grc' dir='ltr'><strong>ΙΙΙ.</strong></span> 
     </span>
     <span class='ocr_line' id='line_1_17' title="bbox 299 1089 1638 1146; baseline -0.004 -10"><span class='ocrx_word' id='word_1_135' title='bbox 299 1097 365 1136; x_wconf 78' lang='grc'><strong>56.</strong></span> <span class='ocrx_word' id='word_1_136' title='bbox 398 1101 440 1135; x_wconf 90' lang='lat' dir='ltr'>et</span> <span class='ocrx_word' id='word_1_137' title='bbox 462 1095 527 1133; x_wconf 74' lang='lat' dir='ltr'>(il.</span> <span class='ocrx_word' id='word_1_138' title='bbox 561 1108 625 1146; x_wconf 84' lang='lat' dir='ltr'>sq.</span> <span class='ocrx_word' id='word_1_139' title='bbox 660 1092 824 1146; x_wconf 90' lang='lat' dir='ltr'>liquido</span> <span class='ocrx_word' id='word_1_140' title='bbox 850 1099 1055 1132; x_wconf 78' lang='lat' dir='ltr'>testatum</span> <span class='ocrx_word' id='word_1_141' title='bbox 1090 1090 1276 1144; x_wconf 86' lang='lat' dir='ltr'>reliquit,</span> <span class='ocrx_word' id='word_1_142' title='bbox 1320 1091 1448 1130; x_wconf 84' lang='lat' dir='ltr'>etia-m</span> <span class='ocrx_word' id='word_1_143' title='bbox 1477 1089 1638 1132; x_wconf 87' lang='lat' dir='ltr'>doctis-</span> 
     </span>
     <span class='ocr_line' id='line_1_18' title="bbox 298 1147 1637 1206; baseline -0.005 -13"><span class='ocrx_word' id='word_1_144' title='bbox 298 1152 430 1193; x_wconf 87' lang='lat' dir='ltr'>simos</span> <span class='ocrx_word' id='word_1_145' title='bbox 479 1149 795 1206; x_wconf 78' lang='lat' dir='ltr'>grammaticos,</span> <span class='ocrx_word' id='word_1_146' title='bbox 838 1147 1269 1203; x_wconf 78' lang='lat' dir='ltr'>Aristophanem</span> <span class='ocrx_word' id='word_1_147' title='bbox 1310 1147 1637 1202; x_wconf 85' lang='lat' dir='ltr'>Byzantium</span> 
     </span>
     <span class='ocr_line' id='line_1_19' title="bbox 299 1203 1638 1262; baseline -0.004 -13"><span class='ocrx_word' id='word_1_148' title='bbox 299 1216 342 1250; x_wconf 90' lang='lat' dir='ltr'>et</span> <span class='ocrx_word' id='word_1_149' title='bbox 371 1206 752 1262; x_wconf 71' lang='lat' dir='ltr'>Thrasyllum,</span> <span class='ocrx_word' id='word_1_150' title='bbox 784 1205 974 1247; x_wconf 87' lang='lat' dir='ltr'>libellum</span> <span class='ocrx_word' id='word_1_151' title='bbox 1006 1221 1083 1259; x_wconf 88' lang='lat' dir='ltr'>pro</span> <span class='ocrx_word' id='word_1_152' title='bbox 1114 1219 1316 1260; x_wconf 84' lang='lat' dir='ltr'>germano</span> <span class='ocrx_word' id='word_1_153' title='bbox 1347 1203 1507 1259; x_wconf 86' lang='lat' dir='ltr'>ingenii</span> <span class='ocrx_word' id='word_1_154' title='bbox 1542 1204 1638 1244; x_wconf 77' lang='lat' dir='ltr'>Pla-</span> 
     </span>
     <span class='ocr_line' id='line_1_20' title="bbox 299 1260 1638 1317; baseline -0.004 -11"><span class='ocrx_word' id='word_1_155' title='bbox 299 1265 432 1307; x_wconf 78' lang='lat' dir='ltr'>tonici</span> <span class='ocrx_word' id='word_1_156' title='bbox 473 1264 563 1305; x_wconf 76' lang='lat' dir='ltr'>fetu</span> <span class='ocrx_word' id='word_1_157' title='bbox 601 1262 827 1315; x_wconf 86' lang='lat' dir='ltr'>habuisse,</span> <span class='ocrx_word' id='word_1_158' title='bbox 872 1263 1033 1317; x_wconf 88' lang='lat' dir='ltr'>quippe</span> <span class='ocrx_word' id='word_1_159' title='bbox 1074 1277 1204 1315; x_wconf 90' lang='lat' dir='ltr'>quum</span> <span class='ocrx_word' id='word_1_160' title='bbox 1245 1260 1369 1302; x_wconf 89' lang='lat' dir='ltr'>ambo</span> <span class='ocrx_word' id='word_1_161' title='bbox 1416 1261 1556 1315; x_wconf 89' lang='lat' dir='ltr'>ipsum</span> <span class='ocrx_word' id='word_1_162' title='bbox 1594 1261 1638 1300; x_wconf 91' lang='lat' dir='ltr'>in</span> 
     </span>
     <span class='ocr_line' id='line_1_21' title="bbox 299 1316 1638 1377; baseline -0.004 -14"><span class='ocrx_word' id='word_1_163' title='bbox 299 1321 487 1377; x_wconf 85' lang='lat' dir='ltr'>trilogiis</span> <span class='ocrx_word' id='word_1_164' title='bbox 518 1319 586 1361; x_wconf 87' lang='lat' dir='ltr'>vel</span> <span class='ocrx_word' id='word_1_165' title='bbox 616 1319 872 1374; x_wconf 84' lang='lat' dir='ltr'>tetralogiis,</span> <span class='ocrx_word' id='word_1_166' title='bbox 906 1319 950 1359; x_wconf 91' lang='lat' dir='ltr'>in</span> <span class='ocrx_word' id='word_1_167' title='bbox 983 1334 1089 1373; x_wconf 87' lang='lat' dir='ltr'>quas</span> <span class='ocrx_word' id='word_1_168' title='bbox 1115 1318 1312 1358; x_wconf 81' lang='lat' dir='ltr'>Platonis</span> <span class='ocrx_word' id='word_1_169' title='bbox 1347 1317 1543 1372; x_wconf 81' lang='lat' dir='ltr'>dialogos</span> <span class='ocrx_word' id='word_1_170' title='bbox 1575 1316 1638 1357; x_wconf 91' lang='lat' dir='ltr'>di-</span> 
     </span>
     <span class='ocr_line' id='line_1_22' title="bbox 300 1374 1640 1435; baseline -0.004 -15"><span class='ocrx_word' id='word_1_171' title='bbox 300 1378 528 1435; x_wconf 73' lang='lat' dir='ltr'>gesserint,</span> <span class='ocrx_word' id='word_1_172' title='bbox 561 1385 678 1418; x_wconf 83' lang='lat' dir='ltr'>certo</span> <span class='ocrx_word' id='word_1_173' title='bbox 712 1376 897 1431; x_wconf 86' lang='lat' dir='ltr'>quodam</span> <span class='ocrx_word' id='word_1_174' title='bbox 927 1375 1022 1417; x_wconf 86' lang='lat' dir='ltr'>loco</span> <span class='ocrx_word' id='word_1_175' title='bbox 1066 1374 1338 1416; x_wconf 84' lang='lat' dir='ltr'>inseruerint.</span> <span class='ocrx_word' id='word_1_176' title='bbox 1381 1374 1449 1414; x_wconf 88' lang='lat' dir='ltr'>Ex</span> <span class='ocrx_word' id='word_1_177' title='bbox 1484 1374 1640 1428; x_wconf 86' lang='lat' dir='ltr'>quibus</span> 
     </span>
     <span class='ocr_line' id='line_1_23' title="bbox 302 1430 1639 1488; baseline -0.005 -11"><span class='ocrx_word' id='word_1_178' title='bbox 302 1435 500 1477; x_wconf 89' lang='lat' dir='ltr'>omnibus</span> <span class='ocrx_word' id='word_1_179' title='bbox 544 1434 737 1488; x_wconf 85' lang='lat' dir='ltr'>profecto</span> <span class='ocrx_word' id='word_1_180' title='bbox 769 1433 1004 1486; x_wconf 83' lang='lat' dir='ltr'>unicuique</span> <span class='ocrx_word' id='word_1_181' title='bbox 1046 1432 1321 1487; x_wconf 80' lang='lat' dir='ltr'>perspicuum</span> <span class='ocrx_word' id='word_1_182' title='bbox 1362 1446 1454 1472; x_wconf 84' lang='lat' dir='ltr'>esse</span> <span class='ocrx_word' id='word_1_183' title='bbox 1495 1430 1639 1482; x_wconf 85' lang='lat' dir='ltr'>debet,</span> 
     </span>
     <span class='ocr_line' id='line_1_24' title="bbox 301 1487 1640 1545; baseline -0.004 -12"><span class='ocrx_word' id='word_1_184' title='bbox 301 1493 480 1545; x_wconf 83' lang='lat' dir='ltr'>antiqua</span> <span class='ocrx_word' id='word_1_185' title='bbox 512 1498 627 1531; x_wconf 89' lang='lat' dir='ltr'>certe</span> <span class='ocrx_word' id='word_1_186' title='bbox 658 1498 796 1531; x_wconf 83' lang='lat' dir='ltr'>aetate</span> <span class='ocrx_word' id='word_1_187' title='bbox 830 1491 944 1530; x_wconf 93' lang='lat' dir='ltr'>viros</span> <span class='ocrx_word' id='word_1_188' title='bbox 976 1489 1128 1530; x_wconf 86' lang='lat' dir='ltr'>doctos</span> <span class='ocrx_word' id='word_1_189' title='bbox 1161 1490 1247 1529; x_wconf 77' lang='lat' dir='ltr'>tere</span> <span class='ocrx_word' id='word_1_190' title='bbox 1288 1488 1332 1528; x_wconf 89' lang='lat' dir='ltr'>in</span> <span class='ocrx_word' id='word_1_191' title='bbox 1376 1503 1425 1528; x_wconf 89' lang='lat' dir='ltr'>ea</span> <span class='ocrx_word' id='word_1_192' title='bbox 1469 1487 1640 1541; x_wconf 89' lang='lat' dir='ltr'>conspi-</span> 
     </span>
     <span class='ocr_line' id='line_1_25' title="bbox 300 1544 1640 1600; baseline -0.005 -9"><span class='ocrx_word' id='word_1_193' title='bbox 300 1564 418 1591; x_wconf 84' lang='lat' dir='ltr'>rasse</span> <span class='ocrx_word' id='word_1_194' title='bbox 449 1548 691 1600; x_wconf 86' lang='lat' dir='ltr'>sententia,</span> <span class='ocrx_word' id='word_1_195' title='bbox 724 1554 794 1599; x_wconf 90' lang='lat' dir='ltr'>ut,</span> <span class='ocrx_word' id='word_1_196' title='bbox 826 1546 1101 1600; x_wconf 83' lang='lat' dir='ltr'>quantumvis</span> <span class='ocrx_word' id='word_1_197' title='bbox 1134 1545 1197 1592; x_wconf 55' lang='lat' dir='ltr'>de,</span> <span class='ocrx_word' id='word_1_198' title='bbox 1216 1544 1349 1586; x_wconf 89' lang='lat' dir='ltr'>libelli</span> <span class='ocrx_word' id='word_1_199' title='bbox 1379 1544 1464 1585; x_wconf 91' lang='lat' dir='ltr'>fide</span> <span class='ocrx_word' id='word_1_200' title='bbox 1497 1551 1539 1585; x_wconf 88' lang='lat' dir='ltr'>et</span> <span class='ocrx_word' id='word_1_201' title='bbox 1567 1560 1640 1584; x_wconf 85' lang='lat' dir='ltr'>au-</span> 
     </span>
     <span class='ocr_line' id='line_1_26' title="bbox 301 1602 1640 1653; baseline -0.004 -6"><span class='ocrx_word' id='word_1_202' title='bbox 301 1606 501 1648; x_wconf 88' lang='lat' dir='ltr'>ctoritate</span> <span class='ocrx_word' id='word_1_203' title='bbox 524 1621 548 1646; x_wconf 88' lang='lat' dir='ltr'>a</span> <span class='ocrx_word' id='word_1_204' title='bbox 571 1604 730 1646; x_wconf 83' lang='lat' dir='ltr'>criticis</span> <span class='ocrx_word' id='word_1_205' title='bbox 762 1603 977 1645; x_wconf 88' lang='lat' dir='ltr'>nonnullis</span> <span class='ocrx_word' id='word_1_206' title='bbox 1010 1602 1251 1644; x_wconf 79' lang='lat' dir='ltr'>dubitatum</span> <span class='ocrx_word' id='word_1_207' title='bbox 1285 1617 1377 1643; x_wconf 88' lang='lat' dir='ltr'>esse</span> <span class='ocrx_word' id='word_1_208' title='bbox 1409 1608 1640 1653; x_wconf 82' lang='lat' dir='ltr'>constaret,</span> 
     </span>
     <span class='ocr_line' id='line_1_27' title="bbox 300 1657 1640 1717; baseline -0.005 -13"><span class='ocrx_word' id='word_1_209' title='bbox 300 1670 444 1704; x_wconf 89' lang='lat' dir='ltr'>tamen</span> <span class='ocrx_word' id='word_1_210' title='bbox 474 1663 612 1717; x_wconf 90' lang='lat' dir='ltr'>ipsum</span> <span class='ocrx_word' id='word_1_211' title='bbox 635 1676 712 1716; x_wconf 88' lang='lat' dir='ltr'>pro</span> <span class='ocrx_word' id='word_1_212' title='bbox 738 1661 923 1716; x_wconf 85' lang='lat' dir='ltr'>genuino</span> <span class='ocrx_word' id='word_1_213' title='bbox 947 1659 1142 1700; x_wconf 83' lang='lat' dir='ltr'>Platonis</span> <span class='ocrx_word' id='word_1_214' title='bbox 1162 1673 1289 1713; x_wconf 89' lang='lat' dir='ltr'>opere</span> <span class='ocrx_word' id='word_1_215' title='bbox 1314 1657 1640 1713; x_wconf 87' lang='lat' dir='ltr'>agnoscendum</span> 
     </span>
     <span class='ocr_line' id='line_1_28' title="bbox 302 1713 1640 1761; baseline -0.005 0"><span class='ocrx_word' id='word_1_216' title='bbox 302 1734 397 1761; x_wconf 88' lang='lat' dir='ltr'>esse</span> <span class='ocrx_word' id='word_1_217' title='bbox 428 1719 751 1760; x_wconf 82' lang='lat' dir='ltr'>arbitrarentur.</span> <span class='ocrx_word' id='word_1_218' title='bbox 815 1717 910 1757; x_wconf 86' lang='lat' dir='ltr'>Nec</span> <span class='ocrx_word' id='word_1_219' title='bbox 942 1731 1042 1757; x_wconf 86' lang='lat' dir='ltr'>vero</span> <span class='ocrx_word' id='word_1_220' title='bbox 1066 1716 1188 1756; x_wconf 85' lang='lat' dir='ltr'>aliter</span> <span class='ocrx_word' id='word_1_221' title='bbox 1209 1715 1342 1756; x_wconf 88' lang='lat' dir='ltr'>multo</span> <span class='ocrx_word' id='word_1_222' title='bbox 1370 1713 1640 1756; x_wconf 87' lang='lat' dir='ltr'>sentiendum</span> 
     </span>
     <span class='ocr_line' id='line_1_29' title="bbox 304 1772 1643 1829; baseline -0.005 -11"><span class='ocrx_word' id='word_1_223' title='bbox 304 1783 371 1818; x_wconf 89' lang='lat' dir='ltr'>est</span> <span class='ocrx_word' id='word_1_224' title='bbox 401 1774 454 1816; x_wconf 89' lang='lat' dir='ltr'>de</span> <span class='ocrx_word' id='word_1_225' title='bbox 485 1774 751 1829; x_wconf 89' lang='lat' dir='ltr'>temporibus</span> <span class='ocrx_word' id='word_1_226' title='bbox 782 1773 1106 1814; x_wconf 87' lang='lat' dir='ltr'>recentioribus.</span> <span class='ocrx_word' id='word_1_227' title='bbox 1181 1772 1294 1813; x_wconf 86' lang='lat' dir='ltr'>Nam</span> <span class='ocrx_word' id='word_1_228' title='bbox 1336 1772 1410 1825; x_wconf 89' lang='lat' dir='ltr'>qui</span> <span class='ocrx_word' id='word_1_229' title='bbox 1450 1772 1643 1826; x_wconf 88' lang='lat' dir='ltr'>proxime</span> 
     </span>
     <span class='ocr_line' id='line_1_30' title="bbox 303 1827 1642 1890; baseline -0.004 -16"><span class='ocrx_word' id='word_1_230' title='bbox 303 1839 401 1890; x_wconf 89' lang='lat' dir='ltr'>post</span> <span class='ocrx_word' id='word_1_231' title='bbox 433 1832 732 1873; x_wconf 86' lang='lat' dir='ltr'>Patritium</span> <span class='ocrx_word' id='word_1_232' title='bbox 765 1830 895 1885; x_wconf 87' lang='lat' dir='ltr'>longo</span> <span class='ocrx_word' id='word_1_233' title='bbox 928 1845 1029 1871; x_wconf 87' lang='lat' dir='ltr'>sane</span> <span class='ocrx_word' id='word_1_234' title='bbox 1060 1829 1230 1885; x_wconf 85' lang='lat' dir='ltr'>agmine</span> <span class='ocrx_word' id='word_1_235' title='bbox 1261 1829 1304 1869; x_wconf 89' lang='lat' dir='ltr'>in</span> <span class='ocrx_word' id='word_1_236' title='bbox 1334 1827 1521 1869; x_wconf 90' lang='lat' dir='ltr'>medium</span> <span class='ocrx_word' id='word_1_237' title='bbox 1542 1843 1642 1883; x_wconf 90' lang='lat' dir='ltr'>pro-</span> 
     </span>
     <span class='ocr_line' id='line_1_31' title="bbox 304 1886 1643 1942; baseline -0.004 -11"><span class='ocrx_word' id='word_1_238' title='bbox 304 1891 476 1931; x_wconf 88' lang='lat' dir='ltr'>dierunt</span> <span class='ocrx_word' id='word_1_239' title='bbox 513 1889 719 1930; x_wconf 87' lang='lat' dir='ltr'>historiae</span> <span class='ocrx_word' id='word_1_240' title='bbox 761 1887 1060 1942; x_wconf 83' lang='lat' dir='ltr'>philosophiae</span> <span class='ocrx_word' id='word_1_241' title='bbox 1107 1891 1392 1937; x_wconf 78' lang='lat' dir='ltr'>enarratores,</span> <span class='ocrx_word' id='word_1_242' title='bbox 1425 1886 1471 1938; x_wconf 89' lang='lat' dir='ltr'>ii,</span> <span class='ocrx_word' id='word_1_243' title='bbox 1508 1899 1643 1938; x_wconf 87' lang='lat' dir='ltr'>quan-</span> 
     </span>
     <span class='ocr_line' id='line_1_32' title="bbox 304 1941 1643 2000; baseline -0.004 -12"><span class='ocrx_word' id='word_1_244' title='bbox 304 1956 395 1988; x_wconf 91' lang='lat' dir='ltr'>tum</span> <span class='ocrx_word' id='word_1_245' title='bbox 427 1960 505 1987; x_wconf 90' lang='lat' dir='ltr'>nos</span> <span class='ocrx_word' id='word_1_246' title='bbox 535 1945 708 2000; x_wconf 88' lang='lat' dir='ltr'>quidem</span> <span class='ocrx_word' id='word_1_247' title='bbox 738 1944 940 1994; x_wconf 86' lang='lat' dir='ltr'>sciamus,</span> <span class='ocrx_word' id='word_1_248' title='bbox 972 1943 1086 1984; x_wconf 91' lang='lat' dir='ltr'>illius</span> <span class='ocrx_word' id='word_1_249' title='bbox 1118 1942 1279 1984; x_wconf 88' lang='lat' dir='ltr'>iudicio</span> <span class='ocrx_word' id='word_1_250' title='bbox 1309 1941 1643 1996; x_wconf 83' lang='lat' dir='ltr'>haudquaquam</span> 
     </span>
     <span class='ocr_line' id='line_1_33' title="bbox 304 1999 1644 2060; baseline -0.004 -15"><span class='ocrx_word' id='word_1_251' title='bbox 304 2003 488 2060; x_wconf 88' lang='lat' dir='ltr'>permoti</span> <span class='ocrx_word' id='word_1_252' title='bbox 523 2009 637 2055; x_wconf 90' lang='lat' dir='ltr'>sunt,</span> <span class='ocrx_word' id='word_1_253' title='bbox 669 2008 718 2042; x_wconf 90' lang='lat' dir='ltr'>ut</span> <span class='ocrx_word' id='word_1_254' title='bbox 749 2001 857 2042; x_wconf 86' lang='lat' dir='ltr'>libro</span> <span class='ocrx_word' id='word_1_255' title='bbox 888 2000 1014 2042; x_wconf 87' lang='lat' dir='ltr'>fidem</span> <span class='ocrx_word' id='word_1_256' title='bbox 1047 1999 1324 2056; x_wconf 81' lang='lat' dir='ltr'>derogarent3</span> <span class='ocrx_word' id='word_1_257' title='bbox 1358 2000 1442 2040; x_wconf 89' lang='lat' dir='ltr'>imo</span> <span class='ocrx_word' id='word_1_258' title='bbox 1473 1999 1546 2040; x_wconf 92' lang='lat' dir='ltr'>illo</span> <span class='ocrx_word' id='word_1_259' title='bbox 1572 2013 1644 2040; x_wconf 92' lang='lat' dir='ltr'>us-</span> 
     </span>
     <span class='ocr_line' id='line_1_34' title="bbox 306 2055 1644 2115; baseline -0.004 -14"><span class='ocrx_word' id='word_1_260' title='bbox 306 2076 389 2115; x_wconf 89' lang='lat' dir='ltr'>que</span> <span class='ocrx_word' id='word_1_261' title='bbox 430 2060 497 2100; x_wconf 84' lang='lat' dir='ltr'>usi</span> <span class='ocrx_word' id='word_1_262' title='bbox 536 2074 628 2101; x_wconf 86' lang='lat' dir='ltr'>esse</span> <span class='ocrx_word' id='word_1_263' title='bbox 669 2059 943 2112; x_wconf 89' lang='lat' dir='ltr'>reperiuntur</span> <span class='ocrx_word' id='word_1_264' title='bbox 980 2065 1199 2111; x_wconf 85' lang='lat' dir='ltr'>tamquam</span> <span class='ocrx_word' id='word_1_265' title='bbox 1250 2058 1368 2098; x_wconf 91' lang='lat' dir='ltr'>fonte</span> <span class='ocrx_word' id='word_1_266' title='bbox 1408 2055 1644 2111; x_wconf 84' lang='lat' dir='ltr'>sapientiae</span> 
     </span>
     <span class='ocr_line' id='line_1_35' title="bbox 307 2111 1644 2168; baseline -0.004 -11"><span class='ocrx_word' id='word_1_267' title='bbox 307 2116 557 2158; x_wconf 78' lang='lat' dir='ltr'>Platonicae</span> <span class='ocrx_word' id='word_1_268' title='bbox 589 2115 900 2163; x_wconf 62' lang='lat' dir='ltr'>sincerissimum</span> <span class='ocrx_word' id='word_1_269' title='bbox 951 2113 1067 2167; x_wconf 87' lang='lat' dir='ltr'>quod</span> <span class='ocrx_word' id='word_1_270' title='bbox 1103 2114 1241 2168; x_wconf 88' lang='lat' dir='ltr'>ipsum</span> <span class='ocrx_word' id='word_1_271' title='bbox 1282 2114 1410 2153; x_wconf 86' lang='lat' dir='ltr'>etiam</span> <span class='ocrx_word' id='word_1_272' title='bbox 1448 2113 1514 2152; x_wconf 92' lang='lat' dir='ltr'>vir</span> <span class='ocrx_word' id='word_1_273' title='bbox 1547 2111 1644 2152; x_wconf 80' lang='lat' dir='ltr'>Pla-</span> 
     </span>
     <span class='ocr_line' id='line_1_36' title="bbox 306 2166 1641 2224; baseline -0.004 -9"><span class='ocrx_word' id='word_1_274' title='bbox 306 2174 479 2215; x_wconf 88' lang='lat' dir='ltr'>tonicae</span> <span class='ocrx_word' id='word_1_275' title='bbox 511 2172 732 2214; x_wconf 85' lang='lat' dir='ltr'>doctrinae</span> <span class='ocrx_word' id='word_1_276' title='bbox 762 2171 914 2212; x_wconf 88' lang='lat' dir='ltr'>notitia</span> <span class='ocrx_word' id='word_1_277' title='bbox 944 2171 1070 2224; x_wconf 70' lang='lat' dir='ltr'>longe</span> <span class='ocrx_word' id='word_1_278' title='bbox 1104 2170 1476 2221; x_wconf 83' lang='lat' dir='ltr'>instructissimus,</span> <span class='ocrx_word' id='word_1_279' title='bbox 1510 2166 1566 2208; x_wconf 80' lang='lat' dir='ltr'>G.</span> <span class='ocrx_word' id='word_1_280' title='bbox 1587 2167 1641 2209; x_wconf 86' lang='lat' dir='ltr'>G.</span> 
     </span>
     <span class='ocr_line' id='line_1_37' title="bbox 309 2224 1643 2280; baseline -0.005 -8"><span class='ocrx_word' id='word_1_281' title='bbox 309 2232 657 2272; x_wconf 87' lang='lat' dir='ltr'>Tennemann</span> <span class='ocrx_word' id='word_1_282' title='bbox 674 2245 748 2280; x_wconf 87' lang='lat' dir='ltr'>us,</span> <span class='ocrx_word' id='word_1_283' title='bbox 780 2227 938 2269; x_wconf 87' lang='lat' dir='ltr'>iudicio</span> <span class='ocrx_word' id='word_1_284' title='bbox 971 2242 1049 2268; x_wconf 86' lang='lat' dir='ltr'>suo</span> <span class='ocrx_word' id='word_1_285' title='bbox 1081 2226 1394 2280; x_wconf 79' lang='lat' dir='ltr'>comprobavit,</span> <span class='ocrx_word' id='word_1_286' title='bbox 1427 2225 1501 2278; x_wconf 88' lang='lat' dir='ltr'>qui</span> <span class='ocrx_word' id='word_1_287' title='bbox 1527 2224 1643 2280; x_wconf 81' lang='lat' dir='ltr'>Syst.</span> 
     </span>
     <span class='ocr_line' id='line_1_38' title="bbox 310 2281 1645 2339; baseline -0.007 -9"><span class='ocrx_word' id='word_1_288' title='bbox 310 2287 472 2330; x_wconf 87' lang='lat' dir='ltr'>Philos.</span> <span class='ocrx_word' id='word_1_289' title='bbox 505 2286 615 2327; x_wconf 87' lang='lat' dir='ltr'>Plat.</span> <span class='ocrx_word' id='word_1_290' title='bbox 648 2285 745 2326; x_wconf 83' lang='lat' dir='ltr'>Vol.</span> <span class='ocrx_word' id='word_1_291' title='bbox 782 2285 815 2325; x_wconf 95' lang='lat' dir='ltr'>I.</span> <span class='ocrx_word' id='word_1_292' title='bbox 849 2301 890 2339; x_wconf 92' lang='lat' dir='ltr'>p.</span> <span class='ocrx_word' id='word_1_293' title='bbox 923 2286 988 2323; x_wconf 72' lang='lat'>92.</span> <span class='ocrx_word' id='word_1_294' title='bbox 1021 2298 1084 2337; x_wconf 90' lang='lat' dir='ltr'>sq.</span> <span class='ocrx_word' id='word_1_295' title='bbox 1130 2282 1401 2337; x_wconf 84' lang='lat' dir='ltr'>Epinomidis</span> <span class='ocrx_word' id='word_1_296' title='bbox 1433 2281 1561 2322; x_wconf 85' lang='lat' dir='ltr'>fidem</span> <span class='ocrx_word' id='word_1_297' title='bbox 1595 2297 1645 2322; x_wconf 82' lang='lat' dir='ltr'>ea</span> 
     </span>
     <span class='ocr_line' id='line_1_39' title="bbox 310 2338 1645 2394; baseline -0.006 -8"><span class='ocrx_word' id='word_1_298' title='bbox 310 2344 472 2386; x_wconf 87' lang='lat' dir='ltr'>ratione</span> <span class='ocrx_word' id='word_1_299' title='bbox 503 2349 673 2384; x_wconf 85' lang='lat' dir='ltr'>tutatus</span> <span class='ocrx_word' id='word_1_300' title='bbox 704 2348 791 2394; x_wconf 85' lang='lat' dir='ltr'>est,</span> <span class='ocrx_word' id='word_1_301' title='bbox 825 2349 871 2382; x_wconf 91' lang='lat' dir='ltr'>ut</span> <span class='ocrx_word' id='word_1_302' title='bbox 911 2355 1067 2381; x_wconf 81' lang='lat' dir='ltr'>naevos</span> <span class='ocrx_word' id='word_1_303' title='bbox 1108 2340 1238 2391; x_wconf 82' lang='lat' dir='ltr'>istos,</span> <span class='ocrx_word' id='word_1_304' title='bbox 1280 2340 1436 2393; x_wconf 88' lang='lat' dir='ltr'>quibus</span> <span class='ocrx_word' id='word_1_305' title='bbox 1476 2338 1645 2379; x_wconf 88' lang='lat' dir='ltr'>libellus</span> 
     </span>
     <span class='ocr_line' id='line_1_40' title="bbox 310 2396 1643 2452; baseline -0.006 -10"><span class='ocrx_word' id='word_1_306' title='bbox 310 2408 376 2443; x_wconf 89' lang='lat' dir='ltr'>est</span> <span class='ocrx_word' id='word_1_307' title='bbox 408 2400 700 2451; x_wconf 85' lang='lat' dir='ltr'>deformatus,</span> <span class='ocrx_word' id='word_1_308' title='bbox 733 2400 785 2441; x_wconf 88' lang='lat' dir='ltr'>ab</span> <span class='ocrx_word' id='word_1_309' title='bbox 818 2397 941 2440; x_wconf 87' lang='lat' dir='ltr'>senili</span> <span class='ocrx_word' id='word_1_310' title='bbox 981 2397 1203 2452; x_wconf 82' lang='lat' dir='ltr'>scriptoris</span> <span class='ocrx_word' id='word_1_311' title='bbox 1241 2396 1533 2437; x_wconf 78' lang='lat' dir='ltr'>imbecillitate</span> <span class='ocrx_word' id='word_1_312' title='bbox 1573 2409 1643 2435; x_wconf 89' lang='lat' dir='ltr'>ex-</span> 
     </span>
     <span class='ocr_line' id='line_1_41' title="bbox 311 2453 1647 2507; baseline -0.006 -8"><span class='ocrx_word' id='word_1_313' title='bbox 311 2458 579 2499; x_wconf 80' lang='lat' dir='ltr'>cusationem</span> <span class='ocrx_word' id='word_1_314' title='bbox 610 2457 766 2497; x_wconf 80' lang='lat' dir='ltr'>habere</span> <span class='ocrx_word' id='word_1_315' title='bbox 797 2453 1061 2496; x_wconf 83' lang='lat' dir='ltr'>iudicaverit.</span> <span class='ocrx_word' id='word_1_316' title='bbox 1128 2453 1214 2493; x_wconf 79' lang='lat' dir='ltr'>lam</span> <span class='ocrx_word' id='word_1_317' title='bbox 1247 2469 1346 2494; x_wconf 81' lang='lat' dir='ltr'>vero</span> <span class='ocrx_word' id='word_1_318' title='bbox 1377 2454 1448 2507; x_wconf 88' lang='lat' dir='ltr'>qui</span> <span class='ocrx_word' id='word_1_319' title='bbox 1495 2457 1647 2506; x_wconf 84' lang='lat' dir='ltr'>postea</span> 
     </span>
     <span class='ocr_line' id='line_1_42' title="bbox 313 2508 1646 2568; baseline -0.006 -13"><span class='ocrx_word' id='word_1_320' title='bbox 313 2515 448 2555; x_wconf 83' lang='lat' dir='ltr'>exorti</span> <span class='ocrx_word' id='word_1_321' title='bbox 481 2521 582 2554; x_wconf 90' lang='lat' dir='ltr'>sunt</span> <span class='ocrx_word' id='word_1_322' title='bbox 612 2514 759 2568; x_wconf 88' lang='lat' dir='ltr'>scripti</span> <span class='ocrx_word' id='word_1_323' title='bbox 792 2511 1055 2553; x_wconf 73' lang='lat' dir='ltr'>controversi</span> <span class='ocrx_word' id='word_1_324' title='bbox 1089 2517 1436 2564; x_wconf 73' lang='lat' dir='ltr'>oppugnatores,</span> <span class='ocrx_word' id='word_1_325' title='bbox 1483 2509 1510 2548; x_wconf 90' lang='lat' dir='ltr'>ii</span> <span class='ocrx_word' id='word_1_326' title='bbox 1546 2508 1646 2548; x_wconf 77' lang='lat' dir='ltr'>licet</span> 
     </span>
     <span class='ocr_line' id='line_1_43' title="bbox 312 2567 1647 2626; baseline -0.006 -14"><span class='ocrx_word' id='word_1_327' title='bbox 312 2570 616 2626; x_wconf 87' lang='lat' dir='ltr'>permultorum</span> <span class='ocrx_word' id='word_1_328' title='bbox 637 2571 880 2612; x_wconf 75' lang='lat' dir='ltr'>criticorum</span> <span class='ocrx_word' id='word_1_329' title='bbox 901 2567 1079 2609; x_wconf 85' lang='lat' dir='ltr'>tulerint</span> <span class='ocrx_word' id='word_1_330' title='bbox 1098 2568 1320 2621; x_wconf 76' lang='lat' dir='ltr'>suffragia,</span> <span class='ocrx_word' id='word_1_331' title='bbox 1352 2574 1491 2607; x_wconf 80' lang='lat' dir='ltr'>tamen</span> <span class='ocrx_word' id='word_1_332' title='bbox 1517 2580 1647 2619; x_wconf 82' lang='lat' dir='ltr'>opera</span> 
     </span>
     <span class='ocr_line' id='line_1_44' title="bbox 313 2623 1645 2681; baseline -0.006 -12"><span class='ocrx_word' id='word_1_333' title='bbox 313 2643 392 2669; x_wconf 87' lang='lat' dir='ltr'>sua</span> <span class='ocrx_word' id='word_1_334' title='bbox 422 2627 672 2681; x_wconf 82' lang='lat' dir='ltr'>neutiquam</span> <span class='ocrx_word' id='word_1_335' title='bbox 704 2627 746 2668; x_wconf 84' lang='lat' dir='ltr'>id</span> <span class='ocrx_word' id='word_1_336' title='bbox 776 2626 1025 2676; x_wconf 68' lang='lat' dir='ltr'>effecerunt,</span> <span class='ocrx_word' id='word_1_337' title='bbox 1068 2631 1116 2665; x_wconf 89' lang='lat' dir='ltr'>ut</span> <span class='ocrx_word' id='word_1_338' title='bbox 1147 2625 1342 2665; x_wconf 86' lang='lat' dir='ltr'>omnibus</span> <span class='ocrx_word' id='word_1_339' title='bbox 1384 2623 1436 2664; x_wconf 92' lang='lat' dir='ltr'>de</span> <span class='ocrx_word' id='word_1_340' title='bbox 1473 2630 1645 2663; x_wconf 88' lang='lat' dir='ltr'>senten-</span> 
     </span>
     <span class='ocr_line' id='line_1_45' title="bbox 312 2678 1645 2739; baseline -0.005 -13"><span class='ocrx_word' id='word_1_341' title='bbox 312 2685 398 2726; x_wconf 87' lang='lat' dir='ltr'>tiae</span> <span class='ocrx_word' id='word_1_342' title='bbox 429 2698 530 2726; x_wconf 80' lang='lat' dir='ltr'>suae</span> <span class='ocrx_word' id='word_1_343' title='bbox 562 2685 740 2726; x_wconf 85' lang='lat' dir='ltr'>veritate</span> <span class='ocrx_word' id='word_1_344' title='bbox 773 2681 1114 2739; x_wconf 83' lang='lat' dir='ltr'>persuaderetur.</span> <span class='ocrx_word' id='word_1_345' title='bbox 1175 2681 1305 2722; x_wconf 92' lang='lat' dir='ltr'>Multi</span> <span class='ocrx_word' id='word_1_346' title='bbox 1325 2681 1437 2722; x_wconf 87' lang='lat' dir='ltr'>enim</span> <span class='ocrx_word' id='word_1_347' title='bbox 1457 2678 1645 2721; x_wconf 85' lang='lat' dir='ltr'>libellum</span> 
     </span>
    </p>
   </div>
   <div class='ocr_carea' id='block_1_3' title="bbox 1735 354 1747 452">
    <p class='ocr_par' dir='ltr' id='par_1_3' title="bbox 1735 354 1747 452">
     <span class='ocr_line' id='line_1_46' title="bbox 1735 354 1747 428; baseline 0 0"><span class='ocrx_word' id='word_1_348' title='bbox 1735 354 1747 428; x_wconf 59' lang='lat' dir='ltr'>i</span> 
     </span>
     <span class='ocr_line' id='line_1_47' title="bbox 1740 429 1747 452; baseline 0 0"><span class='ocrx_word' id='word_1_349' title='bbox 1740 429 1747 452; x_wconf 75' lang='grc'>1</span> 
     </span>
    </p>
   </div>
  </div>
 </body>
</html>
