1781 2971
261 157 370 199 —DE
406 155 683 200 LEGIBUS
716 155 836 198 LIB.
868 155 951 198 XI.
984 155 1030 197 Ρ.
1065 157 1161 198 927.
1195 155 1259 199 St.
1374 155 1456 197 ‘293

106 276 191 316 τῶν
228 273 404 326 ζώντων
441 279 531 329 μέν,
570 280 616 314 ὲν
654 271 769 327 γήρᾳ
803 274 846 314 δὲ
878 270 1020 315 ὄντων
1056 275 1128 314 καὶ
1154 277 1200 313 ὲν
1235 275 1459 327 μεγίσταις

103 349 264 395 τιμαῖς,
301 339 500 394 ὅπουπερ
533 340 660 391 πόλις
691 339 940 393 εὐνομοῦσα
972 339 1235 393 εὐδαιμονεῖ,
1271 337 1457 388 τούτους

105 411 145 450 οὶ
193 410 347 457 παῖδες
391 410 560 450 παίδων
605 409 1003 463 ᾳιλοστουὶοῡντες
1050 408 1151 458 ζῶσι
1188 405 1297 460 μεθ’
1350 404 1450 457 ἠδο-

102 475 202 526 νῆς·
242 477 314 516 καὶ
351 475 404 516 τοὶ
437 491 534 517 neoc
573 477 714 517 ταῦτα
752 472 828 525 ὀξὺ
865 476 945 527 μὲν
979 472 1208 525 ἀκούουσι,
1243 475 1454 527 βλέπουσί

105 558 148 583 τε
179 541 271 592 ὀξύ,
308 549 400 591 τοῖς
435 558 480 584 τε
517 558 612 583 πεοι
646 539 762 583 αὐτὰ
802 542 986 591 δικαίοις
1024 539 1216 594 εὐμενεῖς
1252 544 1346 590 εἰσί,
1385 557 1449 582 νε-

101 610 263 662 μεσῶσί
311 625 353 652 τε
397 609 591 663 μάλιστα
635 601 693 650 αὖ
733 615 824 657 τοῖς
862 612 920 657 εὶς
964 604 1144 664 ὀρφανοὶ
1193 610 1265 648 και
1310 611 1452 660 ἔρημα
1508 619 1510 623 “

101 675 346 729 ὑβρίζουσι,
396 673 790 730 παρακαταθήκην
828 674 938 716 εἶναι
973 676 1180 727 μεγίστην
1216 672 1454 727 ἡγούμενοι

102 747 172 783 καὶ
210 740 467 796 ἱερωτάτην.
516 740 581 790 οἷς
618 745 858 794 ἐπίτροπον
895 744 964 783 και
1002 739 1200 794 ἄρχοντα
1247 742 1357 780 πᾶσι
1392 743 1456 782 δεῖ

103 807 182 851 τὸν
217 811 351 859 νοῦν,
389 803 423 862 ᾧ
462 811 535 851 καὶ
571 808 738 863 βραχὺς
777 812 903 860 ἐνείη,
939 814 1232 862 προςέχοντα,
1276 809 1346 848 καὶ
1387 806 1456 849 εύ-

102 875 380 930 λαβούμενον
416 878 513 928 περὶ
561 875 734 933 τροφήν
774 893 818 918 τε
857 879 928 917 και
979 877 1183 917 παιδείαν
1229 872 1457 930 ὀρφανῶν,

813 1052 978 1083 curandis
1004 1052 1094 1082 iuste
1126 1054 1251 1090 agant,
1286 1054 1452 1090 tanquam

813 1099 861 1130 dii
890 1098 1030 1139 quidam
1057 1097 1126 1128 sint
1149 1092 1318 1134 εὐμενεῖς,
1346 1096 1454 1127 fausti

812 1154 853 1176 ae
888 1144 1054 1185 propitii,
1095 1152 1135 1173 ac
1176 1142 1331 1173 vicissim
1370 1142 1453 1181 illis,

811 1191 872 1232 qni
913 1191 949 1221 in
993 1189 1143 1220 orbitate
1178 1198 1219 1219 ae
1261 1188 1453 1230 solitudine

813 1236 998 1268 tractanda
1046 1236 1116 1266 sint
1162 1235 1358 1275 petulantes
1411 1243 1452 1265 ac

812 1283 989 1323 protervi,
1026 1281 1178 1312 maxime
1213 1281 1452 1320 indignentur,

813 1330 942 1369 qnippe
987 1328 1249 1363 existimantes,
1296 1326 1451 1367 pupillos

810 1376 891 1405 fidei
918 1379 1071 1405 tutorum
1099 1373 1305 1404 commissos
1342 1373 1452 1403 maxi-

811 1431 903 1451 mnm
935 1431 1011 1452 esse
1044 1419 1374 1459 sanctissimumque
1401 1419 1453 1458 pi-

105 1059 187 1082 tovb·
218 1055 286 1083 est:
331 1049 413 1083 τοὺς
447 1050 484 1084 ἐν
516 1049 605 1095 γήρᾳ
642 1049 746 1083 ὄντας

102 1097 158 1128 καὶ
192 1095 228 1128 ἐν
259 1099 431 1138 μεγίσταις
472 1101 590 1137 τιμαῖς.
645 1097 744 1136 Quos

104 1143 245 1183 quidem
271 1144 435 1175 dicuntur
459 1145 518 1186 pio
544 1154 663 1175 amore
688 1154 744 1175 co·

104 1189 174 1220 lere
199 1190 232 1220 in
264 1190 406 1221 civitate
432 1189 520 1222 bene
553 1195 745 1231 temperata

103 1234 141 1266 oi·
162 1232 280 1266 παῖδες
305 1235 453 1273 παίδων,
482 1236 515 1269 h.
542 1247 571 1270 e.
602 1241 744 1277 poste-

103 1281 159 1321 ri,
195 1281 287 1312 filii
323 1291 370 1313 ae
406 1287 608 1322 nepotes3
646 1282 743 1313 Kin-

102 1327 180 1358 der
213 1337 246 1357 u.
283 1327 627 1360 Kindeskinder.
662 1329 742 1359 Ho-

101 1382 200 1404 mer.
229 1372 330 1407 Iliad.
357 1373 438 1404 XX.
464 1373 542 1408 308.
580 1374 633 1404 καὶ
668 1375 742 1404 παί-

102 1417 173 1449 δων
205 1418 338 1457 παῖδες,
374 1422 430 1450 τοί
461 1431 517 1450 κεν
552 1417 742 1459 μετόπισθε

102 1464 277 1505 γένωνται.
311 1467 539 1506 Aristoph.
578 1467 667 1496 Avv.
711 1477 742 1499 v.

103 1510 181 1544 730.
207 1506 288 1542 ἀλλὰ
322 1509 491 1551 παρόντες
523 1509 679 1550 δώσομεν
705 1508 742 1543 2‘-

102 1560 169 1595 μῖν,
196 1552 315 1588 αὐτοῖς
348 1559 480 1594 παισίν,
510 1556 640 1588 παίδων
666 1569 740 1589 παι-

101 1604 166 1639 σίν,
187 1602 348 1640 πλοῦτον,
362 1599 505 1644 ὕγιέιαν,
518 1600 742 1642 εὐδαιμονίαι·

103 1660 131 1681 κ.
159 1660 184 1680 t.
213 1648 239 1681 λ.
265 1648 347 1690 Ipse
376 1649 476 1680 Plato
502 1649 556 1680 De
584 1649 657 1690 Rep
701 1650 740 1682 ii.

100 1705 133 1735 p.
160 1693 239 1728 363.
266 1695 308 1726 E.
355 1693 477 1727 παῖδας
512 1693 576 1736 γὰρ
611 1694 742 1726 παίδων

812 1477 913 1506 gnus,
940 1466 1035 1506 quod
1061 1465 1268 1496 mortalibus
1295 1464 1388 1495 tradi
1421 1469 1454 1495 et

810 1514 979 1543 committi
1022 1516 1138 1551 queat.
1199 1511 1324 1550 Itaque
1367 1510 1454 1541 haec

812 1559 930 1589 omnia
959 1557 1119 1599 profecto
1146 1558 1182 1588 in
1207 1567 1329 1596 senes,
1359 1557 1452 1596 sapi-

810 1606 905 1635 entia
918 1609 950 1635 et
961 1605 1088 1634 virtute
1108 1603 1339 1641 venerabiles,
1354 1612 1453 1642 egre-

810 1652 866 1691 gie
897 1651 1133 1688 conveniunt,
1167 1653 1204 1679 ut
1227 1658 1308 1679 «non
1333 1649 1451 1679 videa-

810 1706 903 1735 mus,
936 1706 997 1727 cur
1031 1695 1251 1726 Heraidus
1284 1704 1326 1725 ea
1358 1695 1451 1725 iudi-

101 1740 188 1780 φασὶ
215 1740 268 1771 καὶ
298 1740 399 1782 γένος
434 1740 646 1772 κατόπισθεν
678 1742 740 1772 λεί-

102 1786 230 1818 πεσθαι
257 1787 319 1817 τοῦ
351 1783 453 1819 ὁσίου
490 1788 543 1818 καὶ
574 1783 740 1828 εἴόρκου.

101 1833 177 1864 Iam
204 1843 289 1868 vero
318 1833 424 1864 iidem
451 1834 501 1865 illi
529 1844 589 1865 eur
613 1834 656 1865 ab
684 1835 740 1872 iis,

101 1879 162 1919 qui
188 1879 284 1910 orbis
310 1883 443 1911 tutores
469 1890 546 1912 esse
579 1880 741 1919 debeant,

101 1925 274 1965 imprimis
297 1925 436 1956 colendi
455 1930 489 1956 et
503 1926 741 1956 verecundan-

101 1970 139 2001 di
165 1971 252 2010 sint,
287 1972 459 2011 proximis
485 1971 600 2002 verbis
627 1972 740 2002 decla-

103 2020 217 2054 raturg
261 2016 297 2046 in
333 2017 458 2057 quibus
495 2017 589 2057 quod
625 2018 741 2048 subie-

101 2067 194 2093 ctum
219 2063 404 2100 enuntiati,
431 2063 525 2103 quod
552 2063 659 2103 vulgo
680 2074 742 2094 vo-

101 2112 212 2148 catur,
238 2113 380 2148 repente
404 2113 575 2140 mutatum
601 2114 670 2150 est,
705 2109 742 2140 id

101 2158 195 2186 certe
230 2163 300 2185 non
335 2154 530 2186 morabitur
567 2164 646 2195 eos,
682 2155 742 2196 qui

101 2205 234 2240 quanta
251 2198 377 2231 Graeci
394 2200 510 2231 hocin
534 2210 662 2241 genere
689 2202 741 2232 usi

101 2241 173 2277 s‘mt
191 2244 365 2285 libertate,
389 2247 625 2285 meminerint3
649 2258 681 2277 v.
698 2248 742 2279 ad

92 2290 284 2334 Phaedon.
296 2301 330 2332 p.
343 2291 394 2325 72.
408 2292 449 2322 B.
463 2297 497 2323 et
514 2293 693 2333 l‘rotagor.
709 2303 742 2334 p.

102 2333 184 2370 320
207 2338 252 2368 A.
292 2336 416 2378 Itaque
441 2338 492 2369 iili
518 2339 680 2370 dicuntur
706 2340 743 2370 in

102 2384 198 2423 istis,
228 2392 320 2424 quae
345 2384 390 2414 ad
424 2384 608 2416 orbitatem
635 2385 742 2425 perti-

103 2434 206 2469 nent,
238 2433 339 2459 acute
374 2439 518 2461 cernere
550 2435 655 2471 atque
682 2441 743 2461 au-

103 2475 198 2515 dire,
231 2474 456 2515 quantumvis
484 2475 616 2507 scilieet
639 2486 741 2508 senes

103 2521 190 2561 sint3
215 2520 252 2551 in
278 2530 346 2562 quo
370 2521 464 2552 inest
495 2522 636 2561 elegans
666 2524 741 2563 qui-

103 2567 181 2598 dam
208 2567 364 2607 dilogiae
378 2565 486 2605 lusus,
512 2568 568 2598 cni
594 2569 741 2599 similem

104 2613 303 2644 notavimus
328 2612 424 2643 Libr.
453 2612 517 2643 IV.
542 2623 577 2653 p,
600 2614 680 2647 715.
703 2615 741 2645 D.

104 2659 196 2689 conf.
240 2659 343 2689 etiam
385 2658 430 2689 ad
463 2657 585 2699 Remp.
624 2659 671 2692 X.
708 2670 740 2700 p.

104 2703 185 2738 595.
211 2703 253 2737 Ε.
287 2705 406 2743 Atque
430 2703 512 2735 inde
539 2705 641 2735 etiam
666 2705 742 2737 fieri

105 2750 299 2789 iudicatur,
331 2754 367 2780 ut
392 2749 474 2788 illis,
502 2751 559 2790 qui
585 2751 620 2780 in
648 2751 743 2783 orbis

810 1742 943 1774 caverit
984 1752 1055 1773 non
1099 1741 1167 1772 nisi
1200 1741 1244 1771 ad
1279 1741 1364 1771 deos
1397 1751 1450 1771 re-

808 1789 893 1820 ferri
925 1798 1048 1829 posse,
1076 1788 1226 1827 ideoque
1257 1787 1383 1827 partim
1416 1788 1450 1817 in

809 1835 916 1866 alium
943 1835 1056 1866 locum
1088 1834 1353 1873 transponenda
1379 1837 1451 1863 stu-

807 1881 932 1912 duerit.
983 1879 1077 1917 Quid
1103 1879 1199 1920 qnod
1229 1879 1352 1909 eadem
1382 1880 1451 1910 diis

808 1927 1011 1966 neutiquam
1037 1929 1119 1965 apta
1143 1928 1226 1955 sunt
1253 1929 1286 1955 et
1321 1934 1449 1955 conve-

808 1972 952 2002 nientia.
990 1970 1078 2002 Nam
1105 1971 1216 2002 istud:
1243 1970 1317 2010 περὶ
1346 1971 1451 2001 ταῦτα

809 2014 874 2056 ὀξι’
908 2015 968 2056 μὲν
1002 2013 1174 2048 α’κοιῗουσι
1211 2015 1383 2056 βλέπουσί
1417 2028 1450 2048 w

810 2059 887 2102 ὀξὺ,
912 2063 988 2104 quis
1014 2067 1067 2094 est
1088 2063 1172 2104 quin
1196 2062 1348 2094 fateatur
1366 2063 1448 2094 deo-

808 2120 885 2140 rum
917 2109 1101 2140 maiestate
1130 2118 1253 2149 parum
1288 2118 1365 2140 esse
1396 2109 1447 2140 di·

812 2155 942 2196 gnum?
978 2155 1026 2186 Et
1050 2155 1127 2195 quis
1153 2154 1259 2185 fertat
1297 2164 1448 2195 παρακα-

812 2198 969 2242 ταθήκηι
985 2196 1070 2232 εἶναι
1098 2211 1248 2241 motum
1253 2209 1295 2235 οι
1321 2201 1364 2232 de
1379 2201 1447 2232 diis

811 2247 985 2289 positum?
1034 2247 1159 2286 Itaque
1197 2246 1342 2277 dubium
1377 2257 1448 2278 non

811 2302 864 2324 est
903 2293 986 2333 quin
1023 2292 1203 2324 Heraldi
1247 2293 1449 2324 coniectura

809 2340 852 2370 ab
883 2339 1013 2370 Astio
1045 2342 1079 2369 et
1107 2338 1349 2369 Hermanno
1377 2349 1446 2370 non

811 2385 917 2416 fuerit
941 2385 1048 2415 tantis
1074 2383 1236 2414 laudibus
1261 2384 1450 2416 afficienda

812 2431 865 2462 vel
892 2431 995 2461 etiam
1019 2431 1054 2461 in
1078 2430 1239 2461 ordinem
1266 2429 1447 2463 verborum

810 2477 1006 2508 inferenda.

857 2523 894 2553 C.
947 2515 972 2563 ᾧ
1009 2521 1076 2551 καὶ
1111 2517 1274 2561 βραχὺς
1307 2519 1445 2562 ἐνείη]

811 2568 854 2600 H.
881 2577 912 2598 e.
939 2567 975 2598 εἴ
1002 2578 1063 2597 τινι
1096 2567 1150 2597 καὶ
1181 2563 1314 2606 βραχὺς
1346 2566 1447 2607 ἐνείη.

810 2614 963 2645 Prorsus
989 2614 1039 2644 ita
1052 2613 1187 2644 Phileb.
1208 2623 1229 2653 p
1256 2611 1360 2645 60.C.
1387 2614 1446 2643 ubi

810 2670 842 2690 v.
869 2664 987 2690 annot.
1015 2658 1205 2700 Perperam
1228 2659 1379 2690 Astius
1404 2656 1446 2690 ἄν

810 2709 890 2736 ante
938 2703 1026 2745 ἐνείη
1074 2705 1247 2737 excidisse
1289 2706 1443 2745 suspica·

810 2751 921 2783 batur,
