1781 2971
474 142 694 185 VULGO
732 142 1015 185 PLATONI
1049 150 1129 185 etc.
1399 149 1480 187 455>

125 255 225 294 59ὓ
252 253 301 296 C.
341 270 437 308 sqq.
481 255 585 296 VII.
627 272 666 310 p.
709 257 805 297 528.
852 256 904 295 1).
945 271 1058 310 sqq„
1103 257 1291 311 scriptor
1336 264 1484 298 noster

124 311 334 352 continuo
365 311 426 352 ita
457 311 624 364 statuit,
657 318 706 352 ut
744 327 874 354 unam
906 313 1090 354 maxime
1132 313 1483 354 mathematicam

124 382 175 408 ac
206 368 439 423 praCClPUO
480 344 789 409 astioliomlam
831 370 1020 412 omnium
1063 370 1218 411 artium
1260 385 1311 411 at}
1353 369 1482 411 dlSCl-
1540 383 1542 387 ’

125 423 338 479 plin-arum
382 426 504 478 quasi
548 425 742 480 recinam
798 440 891 467 esse
933 425 1204 479 indicaverit,
1247 426 1369 467 cuius
1412 442 1482 467 co-

123 481 361 536 gnitionem
393 489 540 522 tenere
573 482 699 522 cti-un
734 483 899 522 civit-iit
904 498 923 523 5
954 483 1173 537 principes
1208 483 1273 523 vel
1299 483 1482 523 maxime

124 537 311 579 deceret.
373 537 507 590 Quod
539 539 733 592 profecto
766 555 861 580 cum
893 539 1030 593 ipsius
1073 539 1269 580 Platonis
1309 545 1482 580 senten-

123 594 184 634 tia
213 602 255 635 et
286 595 451 636 ratione
494 594 725 649 plutimum
767 594 1000 636 discordat.
1063 595 1176 636 Nam
1216 595 1342 636 Plato
1386 597 1481 650 qui-

124 650 224 691 dem
255 657 423 692 tantum
455 651 579 692 abest
619 658 667 691 ut
709 651 953 706 disciplinis
995 651 1312 693 mathematicis
1354 653 1482 693 talem

122 707 413 763 principatum
447 708 730 760 concesserit,
765 709 905 762 qualis
937 707 1021 749 illis
1053 708 1095 748 in
1131 708 1388 763 Epinomide
1408 709 1482 749 tri-

123 764 288 816 buitur,
320 770 368 805 ut
398 779 531 818 quum
564 764 607 804 in
639 764 734 805 aliis
778 765 954 820 scriptis
985 771 1079 805 tum
1122 766 1251 805 etiam
1291 765 1336 805 in
1377 766 1482 820 ipsis

121 820 335 877 Legibus,
368 835 476 874 qua-s
509 820 637 862 homo
670 827 816 862 noster
847 820 1063 876 complere
1095 820 1248 873 voluit,
1283 821 1368 862 alia
1392 837 1482 863 om-

122 878 191 918 nia
223 877 391 918 doceat.
455 877 566 918 Nam
607 877 651 918 in
693 878 878 932 septimo
923 877 1097 932 quidem
1140 878 1309 933 Legum
1353 878 1480 930 libro,

123 934 197 975 ubi
229 933 282 975 de
311 949 543 989 puerorum
574 934 852 975 institutione
892 934 1054 990 agitur,
1087 935 1170 975 etsi
1210 935 1481 976 iuventutem

123 1006 210 1032 non
254 991 382 1032 altius
428 990 694 1032 educendam
745 991 915 1043 statuit,
959 990 1036 1032 sed
1088 990 1397 1032 continendam
1437 991 1481 1031 in

122 1062 268 1088 earum
302 1049 457 1088 artium
489 1046 661 1099 studiis,
695 1063 806 1101 quae
839 1047 893 1088 ad
925 1062 1194 1089 communem
1230 1048 1342 1088 vitae
1374 1047 1480 1088 civi-

122 1104 173 1145 lis
206 1119 328 1146 usum
361 1104 623 1159 pertineant,
656 1111 800 1145 tamen
836 1120 932 1145 cum
956 1104 1271 1145 mathematicis
1300 1104 1481 1145 coniun-

121 1161 186 1201 xit
217 1161 345 1202 etiam
377 1161 692 1216 gymnasticam
727 1168 858 1216 atque
880 1161 1087 1202 musicam
1121 1160 1174 1201 ad
1197 1161 1356 1202 civium
1378 1175 1480 1201 con·

120 1218 282 1259 victum
315 1218 553 1273 prudenter
583 1217 969 1272 attemperandam.
1032 1217 1131 1270 Quo
1166 1217 1341 1271 quidem
1383 1216 1481 1258 loco

120 1289 174 1315 ne
207 1274 303 1328 quis
335 1275 514 1315 miretur
547 1273 664 1328 quod
697 1289 776 1315 nec
809 1274 1065 1316 dialecticae
1087 1289 1166 1315 nec
1188 1274 1363 1315 omnino
1385 1273 1479 1329 phi-

120 1330 344 1386 losophiae
377 1331 539 1372 mentio
571 1331 778 1382 iniicitur,
813 1331 940 1373 sicuti
962 1332 1012 1372 fit
1033 1330 1144 1372 libro
1167 1331 1353 1385 septimo
1379 1331 1480 1372 Rei-

120 1387 320 1443 publicae
351 1387 451 1428 inde
485 1402 509 1428 a
541 1403 580 1442 p.
612 1389 708 1429 531.
741 1387 805 1440 B,
839 1389 1086 1429 meminisse
1117 1387 1285 1431 iuvabit
1315 1388 1358 1427 in
1394 1388 1481 1428 Le-

121 1444 251 1500 gibus
284 1460 369 1485 non
400 1443 446 1484 id
477 1444 563 1500 agi,
595 1450 644 1485 ut
673 1444 960 1485 instituantur
989 1443 1254 1499 philosophi,
1278 1444 1350 1497 qui
1376 1444 1480 1485 civi-

120 1508 254 1542 tatem
287 1500 521 1555 aliquando
555 1501 834 1555 gubernaturi
868 1502 968 1553 siut,
1001 1500 1129 1543 sicuti
1160 1500 1210 1540 fit
1241 1501 1286 1540 in
1317 1500 1481 1554 optima

121 1558 311 1610 civitate,
344 1556 421 1599 sed
452 1556 560 1597 illud
593 1557 737 1620 potius
770 1557 974 1612 spectari,
1007 1565 1055 1598 ut
1087 1556 1226 1610 qualis
1270 1571 1364 1598 esse
1406 1556 1480 1597 de—

121 1615 220 1655 beat
262 1614 421 1655 civium
463 1613 679 1655 institutio
720 1629 768 1655 ac
811 1613 1043 1668 disciplina
1088 1612 1355 1655 ostendam·
1427 1612 1480 1652 In

121 1670 382 1712 duodecimo
414 1677 559 1711 autem
602 1670 713 1711 libro
749 1671 936 1726 Legum,
977 1671 1050 1712 ubi
1093 1670 1243 1724 quales
1289 1683 1480 1711 summos

121 1728 403 1783 macr1str1tus
437 1734 479 1768 et
510 1726 699 1768 civitatis
733 1727 951 1782 principes
995 1742 1092 1769 esse
1133 1726 1365 1768 conveniat
1408 1724 1480 1766 de-

121 1784 325 1836 claratur,
361 1783 602 1839 disciplinis
635 1783 952 1825 mathematicis
985 1783 1094 1824 adeo
1128 1799 1213 1824 non
1240 1783 1479 1837 plincipem

122 1841 275 1882 tribuit
305 1841 462 1893 locum,
498 1848 546 1880 nt
576 1840 831 1894 sapientiam
867 1840 951 1881 illis
983 1841 1117 1881 multo
1146 1839 1395 1903 gmxiorem
1432 1854 1479 1879 ac

122 1897 417 1937 sublimiorem
462 1896 842 1937 commendaverit.
905 1896 1067 1937 Censet
1106 1897 1217 1937 enim
1261 1895 1480 1950 principes

123 1954 327 2006 civitatis,
362 1968 471 2006 quos
502 1952 676 1994 eosdem
709 1952 913 1994 custodes
945 1953 1059 1994 illius
1092 1967 1186 1993 esse
1226 1951 1481 2002 iussit,tales

122 2025 217 2051 esse
250 2017 465 2065 oportere,
500 2010 572 2063 qui
606 2009 790 2063 sapienti
798 2024 862 2049 im
896 2041 906 2061 ,
941 2025 1065 2062 quam
1101 2024 1140 2061 p
1176 2009 1270 2048 061.
1304 2007 1353 2047 B.
1394 2007 1479 2047 xir-

121 2071 263 2108 tutum
296 2082 363 2107 om
370 2082 484 2107 nium
518 2067 759 2120 principem
791 2072 834 2106 et
867 2065 990 2118 quasi
1014 2065 1206 2120 reginam
1239 2063 1361 2115 dicit,
1383 2078 1479 2103 cum

124 2139 265 2165 terum
297 2139 377 2165 usu
409 2130 451 2164 et
482 2122 747 2177 expcrientia
779 2122 1052 2163 cxouunctim
1063 2096 1361 2184 possideant,
1392 2119 1479 2160 ide-

121 2195 236 2235 oque
270 2180 454 2235 primum
488 2178 661 2233 quidem
693 2178 820 2220 finem
853 2179 1019 2219 civitati
1053 2177 1327 2232 propositum
1351 2191 1478 2217 accu-

123 2245 213 2278 rate
246 2243 523 2291 perspectum
555 2235 765 2285 habeant3
799 2234 953 2276 deinde
988 2250 1089 2275 vero
1120 2234 1248 2274 etiam
1275 2233 1383 2273 bene
1406 2247 1480 2272 no-

124 2294 280 2341 verint,
327 2293 586 2356 quibusnam
627 2292 797 2347 legibus
841 2300 883 2332 et
923 2305 1207 2345 quorumnam
1259 2289 1477 2330 hominum

124 2364 259 2403 opela
289 2348 494 2390 utendum
528 2349 598 2401 sit,
633 2364 718 2402 quo
759 2348 941 2389 feliciter
982 2347 1037 2387 ad
1076 2345 1342 2401 piopositum
1384 2360 1479 2399 per-

124 2406 323 2447 veniatur
364 2406 425 2469 (p.
458 2406 553 2446 960
595 2404 644 2446 C
688 2406 816 2458 sqq.)
887 2405 946 2444 Et
986 2403 1115 2444 finem
1158 2401 1332 2456 quidem
1375 2417 1479 2441 cwi-

123 2463 202 2503 tati
233 2462 540 2526 praestitutum
582 2477 667 2501 non
700 2462 743 2501 in
785 2476 913 2515 opum
957 2475 1006 2501 ac
1047 2458 1291 2499 divitiarum
1325 2458 1477 2521 popia,

123 2519 200 2560 sed
230 2520 274 2559 in
308 2533 393 2558 una
426 2518 583 2557 virtute
625 2523 667 2558 ct
700 2518 907 2558 honestae
950 2516 1106 2556 mentis
1148 2530 1197 2556 ac
1241 2513 1479 2568 sapientiae

124 2574 252 2616 laude
286 2573 580 2629 quae1endum
613 2588 708 2615 esse
742 2581 891 2614 censet
923 2574 985 2628 (p
1009 2573 1103 2612 Obl.
1128 2571 1211 2624 B.)
1259 2570 1480 2622 Quocirca

123 2631 327 2673 custodes
361 2629 627 2694 reipublicae
660 2636 759 2671 ante
792 2630 937 2670 onmia.
967 2628 1059 2669 vult
1090 2629 1175 2668 vim
1209 2634 1251 2668 et
1281 2633 1478 2668 naturam

123 2688 351 2730 univers-ie
395 2687 565 2728 virtutis
606 2692 879 2741 perspectam
926 2685 1106 2735 habere,
1161 2684 1221 2725 ita
1260 2691 1305 2724 ut
1349 2683 1477 2725 etiam
