1781 2971
257 120 338 163 DE
371 119 647 163 LEGIBUS
682 120 800 163 121B.
833 120 941 162 XII.
979 122 1025 163 P.
1058 124 1152 164 946.
1188 122 1252 166 St.
1375 126 1455 166 359

100 235 157 279 ἄν
194 243 385 280 ἕπωνται
421 238 586 296 χρόνον
624 241 673 299 τῇ
710 243 857 296 κρίσει.
896 239 1082 290 τούτους
1117 242 1160 283 δὲ
1187 238 1347 298 πρώτῳ
1375 244 1457 296 μὲν

101 307 287 360 ἐνιαυτῷ
333 306 499 349 δώδεκα
551 305 776 356 εὐθύνους
825 305 1077 358 ἀποδεῖξαι,
1124 313 1247 364 μέχρι
1284 324 1363 364 περ
1400 305 1457 351 ἄν

101 371 269 426 ἑκάστῳ
299 377 425 415 πέντε
474 376 546 416 καὶ
596 373 900 427 ἑβδομήκοντα
938 376 1012 426 ἔτη
1044 374 1183 435 ξυμβῇ
1217 373 1456 429 γενόμενα·

102 436 151 481 τὸ
191 438 352 482 λοιπὸν
389 443 432 482 δὲ
471 448 585 496 τρεῖς
604 439 674 482 ἀεὶ
699 444 1060 497 προςγιγνέσθων
1099 439 1197 483 κατ’
1237 441 1459 486 ἐνιαυτόν.

103 499 230 549 οὗτοι
269 508 313 548 δὲ
352 505 432 556 τὰς
466 506 610 563 ἀρχάς
646 506 793 558 πάσας
827 508 940 550 κατά
981 506 1148 550 δώδεκα
1178 513 1286 565 μέρη
1320 507 1457 551 διελό-

100 589 227 627 μενοι
264 572 427 623 πάσαις
462 574 683 629 βασάνοις
715 574 932 630 χρώμενοι
972 576 1229 630 ἐλευθέραις
1264 574 1460 630 ἐλεγχόν-

105 655 212 682 των·
259 639 500 684 οἰκούντων
548 644 611 696 δὲ,
660 640 768 684 ὅσον
813 640 871 682 ἂν
908 639 1132 684 εύθύνωσι
1177 639 1366 695 χρόνον,
1413 647 1459 685 ἐν

104 708 163 761 τῷ
200 709 280 749 τοῦ
315 706 593 758 Ἀπόλλωνός
631 724 674 749 τε
710 710 782 750 καὶ
813 706 968 750 ‘HMov
1014 714 1196 763 τεμένει,
1247 712 1294 750 ὲν
1340 702 1456 764 ᾧπερ

102 777 362 829 ἐκρίθησαν,
399 777 470 815 καὶ
507 771 560 815 τά
599 776 679 828 μὲν
716 776 806 829 ἰδίᾳ
842 777 1038 824 ἕκαστος,
1075 772 1128 816 τά
1163 776 1207 817 δὲ
1237 776 1457 835 καὶκοινῇ

100 839 197 895 μετ’
246 839 453 892 άλῑήλων
505 845 733 895 κρίναντες
777 838 883 890 τοὺς
938 838 1165 916 ἄρξαντας
1228 843 1278 901 τῇ
1337 840 1461 885 πόλει

100 906 458 983 ἀποφηνάντων,
507 913 565 958 εὶς
612 924 692 959 την
738 906 914 985 dyepav
953 924 1196 964 γραμματα
1233 911 1461 952 καταθέν-

102 990 171 1024 τες
218 976 314 1031 περὶ
365 973 551 1027 ἑκάστης
599 973 761 1030 ἀρχῆς,
799 973 821 1016 ὅ
875 991 913 1016 τι
949 973 1034 1030 χρὴ
1072 977 1245 1017 παθεῖν
1281 972 1306 1027 ἢ
1344 974 1461 1018 άπο-

104 1045 235 1084 τίνειν
271 1040 384 1083 κατά
437 1041 519 1093 τὴν
557 1042 642 1083 τῶν
680 1040 889 1084 εὐθύνων
924 1040 1117 1096 γνώμην.
1167 1039 1263 1093 ἥτις
1309 1040 1350 1083 δ’
1402 1040 1462 1083 ἄν

102 1109 190 1149 τῶν
226 1107 376 1162 ἀρχῶν
420 1107 481 1161 μὴ
526 1105 720 1167 ὁμολογῇ
757 1110 994 1163 κεκρίσθαι
1029 1111 1220 1163 δικαίως,
1259 1111 1318 1157 εἶς
1354 1109 1462 1158 τοὺς

102 1172 327 1224 ἐκλεκτοὺς
363 1173 572 1224 δικαστάς
609 1179 806 1228 ειςαγέτω
846 1171 952 1225 τους
988 1173 1237 1225 εὐθύνους,
1272 1177 1346 1217 καὶ
1382 1173 1461 1217 ἐὰν

101 1243 181 1296 μὲν
217 1240 430 1301 ἀπορρώξ]
469 1258 531 1291 τις
566 1239 648 1291 τὰς
683 1239 903 1291 εὐθύνας,
942 1240 1092 1284 αὐτῶν
1124 1243 1212 1284 τῶν
1248 1239 1459 1284 εὐθύνων

103 1325 241 1362 κατη)
246 1312 414 1364 ορείτω,
452 1305 530 1350 ὲαν
566 1310 721 1366 ἐθέλῃ·
772 1306 850 1350 ἐὰν
885 1310 928 1350 δὲ
964 1305 1072 1363 ἁλῷ,
1110 1305 1188 1351 ὲαν
1221 1310 1301 1363 μὲν
1338 1300 1362 1368 ἦ
1398 1325 1457 1363 τῳ

103 1376 319 1418 θανάτου
346 1379 628 1430 τετιμημένον
652 1372 740 1417 ὑπὸ
769 1376 856 1416 τῶν
882 1372 1106 1424 εὐθύνων,
1143 1372 1284 1430 ὥςπερ
1316 1374 1458 1430 ἀνάγ-

104 1460 182 1498 κη,
238 1441 389 1491 ἁπλῶς
440 1444 697 1494 θνησκέτω,
759 1443 848 1483 τῶν
896 1439 936 1484 δ’
989 1438 1136 1483 ἄλλων
1189 1440 1462 1496 τιμημάτων,

104 1502 166 1551 ὧν
200 1505 268 1571 ;ὰ“ν
319 1507 514 1551 δυνατὸν
554 1501 580 1568 ᾖ
630 1509 790 1560 διπλῆν
826 1514 966 1558 τῖσαι,
1014 1509 1252 1553 διπλασίαν
1297 1505 1462 1551 τινέτω.

198 1664 238 1696 C.
289 1675 368 1706 προ
382 1665 651 1706 ςγιγνέσθων
678 1661 766 1694 κατ’
792 1660 1004 1704 ἐνιαυτόν]
1031 1664 1289 1705 προςγιγνέσθω
1306 1663 1341 1695 Ξ.
1359 1674 1462 1705 προς-

105 1712 277 1751 γενέσθωιι
310 1709 402 1742 Flor.
436 1710 465 1742 δ.
525 1710 608 1742 Dein
640 1708 726 1740 κατὰ
753 1713 834 1740 ante
868 1707 998 1740 δώδεκα
1020 1711 1107 1750 μέρη
1140 1708 1320 1740 Bekkerus
1347 1710 1463 1740 omisit

109 1765 187 1788 cum
220 1765 270 1798 pr.
305 1757 344 1788 A.
370 1757 417 1788 Ω.
452 1755 495 1788 de
528 1755 650 1796 quibus
682 1759 798 1787 tamen
823 1754 964 1786 Bastius
990 1757 1096 1786 tacet.
1146 1754 1339 1796 Utrumque
1366 1759 1462 1787 recte

107 1801 253 1840 dieitur,
286 1806 324 1834 ut
355 1802 463 1833 satius
497 1801 607 1834 visum
642 1801 686 1833 sit
711 1804 826 1833 certae
852 1805 886 1832 et
912 1800 1114 1842 exploratae
1146 1800 1313 1833 librorum
1341 1805 1462 1833 aucto-

107 1848 198 1881 ritati
223 1848 480 1889 obtemperare.

199 1894 246 1926 D.
295 1892 364 1924 ἐὰν
396 1892 547 1936 ἐθέλῃ]
580 1891 616 1923 V.
646 1892 741 1935 9έλῃ.
791 1891 861 1923 Sed
889 1896 986 1923 recte
1014 1893 1051 1922 A.
1085 1888 1121 1920 Ω.
1151 1900 1180 1921 v
1209 1889 1231 1921 f.
1259 1901 1285 1922 r.
1313 1902 1343 1923 a
1372 1891 1401 1924 ὃ.
1429 1903 1459 1922 ο.

108 1939 231 1983 ἐθέλῃ,
259 1938 351 1980 quod
379 1944 460 1980 post
486 1947 674 1970 consonam
700 1937 773 1970 fere
799 1937 997 1978 requiritur.

109 2061 369 2092 praeconem
408 2051 636 2093 nuntiare3
674 2059 750 2081 ver-

109 2099 189 2130 bum
219 2096 281 2129 hac
310 2097 345 2128 in
378 2107 415 2128 re
446 2097 614 2128 solemne.
665 2095 750 2127 Pro-

820 2058 886 2080 usu
915 2047 1077 2088 loquendi
1110 2047 1141 2078 in
1175 2046 1283 2088 prima
1317 2046 1398 2079 edit.
1429 2057 1461 2088 p.

820 2094 875 2128 17.
905 2093 1111 2134 explicatius
1138 2091 1298 2125 diximus.

109 2144 201 2176 xima
228 2143 385 2183 respexit
411 2142 600 2174 Proclus
626 2140 750 2174 Theol.
868 2138 907 2172 Ε.
963 2136 1038 2170 ἐὰν
1077 2138 1153 2180 μὲν
1192 2133 1212 2179 ᾗ
1242 2150 1294 2178 τῳ
1327 2136 1460 2169 θανᾶ-

109 2189 246 2221 Platon.
277 2189 338 2220 VI.
365 2188 420 2222 12.
448 2199 482 2230 p.
510 2187 589 2223 376.

157 2234 196 2266 C.
247 2233 434 2277 ὅσονπερ
483 2232 531 2265 ἂν
568 2232 755 2264 ἕπωνται

108 2280 177 2321 -]
213 2279 342 2311 iudicio
382 2280 425 2311 de
456 2280 540 2322 ipsis
573 2278 667 2311 facto
700 2288 753 2310 re-

110 2325 316 2368 spondeant.

159 2372 198 2403 D.
255 2369 355 2410 ἥτις
389 2369 421 2401 δ’
461 2368 511 2401 ἂν
543 2383 573 2401 τ.
607 2368 753 2410 σῖρχῶν

110 2415 161 2458 μὴ
191 2414 399 2457 ὁμολογῇ]
425 2415 470 2447 H.
497 2426 527 2448 e.
553 2414 612 2446 ἐὰν
638 2414 677 2446 δέ
701 2425 754 2448 τις

111 2462 157 2504 μὴ
189 2459 357 2503 ὁμολογῇ.
417 2460 488 2492 Sed
523 2460 604 2493 illud
640 2461 754 2502 paullo

111 2509 264 2549 gravius.
317 2505 447 2539 Eodem
474 2505 580 2538 modo
597 2507 701 2548 Apol.
719 2516 750 2547 ρ.

111 2553 169 2588 22.
199 2553 237 2587 Β.
254 2554 374 2594 Symp.
391 2562 423 2593 p.
440 2552 518 2587 176.
536 2552 580 2583 D.
597 2551 749 2584 Phaedr.

112 2611 146 2641 p.
177 2597 257 2633 242.
286 2598 325 2630 G.
356 2598 437 2632 269.
471 2598 511 2632 D.
544 2597 689 2630 Lachet.
718 2607 750 2638 p.

115 2644 190 2679 188.
217 2646 261 2677 A.
298 2643 505 2685 Euthydem.
538 2655 570 2685 p.
596 2643 675 2678 305.
707 2643 750 2674 A.

114 2689 301 2733 Euthyplir.
336 2700 368 2731 p.
396 2689 427 2724 3.
458 2689 497 2722 C.
530 2689 585 2721 ubi
621 2690 664 2722 de
690 2687 752 2720 hoc

821 2197 894 2216 ’ἴου
938 2185 1226 2225 Ίδῒίμημένον
1262 2197 1346 2215 vno
1383 2186 1463 2215 Τῶν

821 2228 1044 2270 εὐθύνων]
1087 2229 1154 2260 ubi
1197 2230 1235 2260 in
1268 2230 1459 2270 aliquem

822 2276 873 2309 ab
907 2275 1133 2307 rationum
1169 2275 1461 2306 exactoribus

822 2321 983 2362 capitis
1016 2330 1156 2362 poena
1188 2321 1327 2352 fuerit
1365 2330 1461 2352 con-

822 2368 994 2399 stituta.
1051 2366 1186 2398 Usitata
1216 2365 1376 2407 loquutio
1409 2370 1464 2398 est

823 2416 928 2454 τιμᾶν
953 2412 1023 2443 τινί
1046 2422 1159 2450 τινος,
1196 2421 1296 2452 quam
1331 2410 1464 2444 dudum

821 2458 1012 2492 illustravit
1039 2455 1240 2488 Budaeus
1267 2457 1464 2490 Comment.

823 2506 864 2537 L.
891 2504 953 2536 Gr.
983 2513 1014 2544 p.
1045 2501 1113 2535 202
1138 2511 1188 2543 sq.
1222 2503 1368 2545 prolatis
1400 2503 1465 2536 eti-

820 2561 875 2584 am
914 2548 1009 2581 verbi
1049 2547 1177 2590 passivi
1217 2554 1321 2590 atque
1360 2548 1466 2581 medii

821 2595 1001 2638 exemplis.
1059 2593 1140 2625 Alia
1175 2594 1317 2637 collegit
1351 2593 1466 2636 Wyt-

820 2638 1025 2675 tenbach.
1051 2638 1094 2672 ad
1108 2639 1242 2683 Eunap.
1269 2651 1301 2682 p.
1327 2639 1396 2674 204
1413 2651 1461 2681 sq.

824 2708 863 2713 —
891 2685 1023 2729 ὥςπερ
1057 2683 1240 2728 ἀνάγκη,
1277 2686 1379 2718 sicuti
1404 2696 1465 2718 ne-
