1781 2971
298 169 377 210 nu
415 166 688 210 ussfflssus
726 164 836 206 mn.
871 163 947 221 ix.
987 163 1027 204 ι).
1062 165 1154 204 874.
1191 164 1253 204 st.
1402 163 1453 199 sm

95 289 266 342 βαίνειν
311 286 438 341 ἱερῶν
487 286 594 339 μηδὲ
640 281 746 334 ὅλης
787 282 935 338 χώρας
974 282 1048 332 τῆς
1086 281 1165 323 τοῦ
1203 278 1454 328 παθόντος,

96 351 174 403 ὡς,
210 349 269 394 ἂν
316 353 436 411 φανῇ
475 355 546 393 καὶ
583 350 787 410 γνωσθῇ,
834 346 1223 403 ἀποθανούμενον
1271 350 1342 390 καὶ
1379 345 1454 397 ἔξω

97 421 176 471 τῆς
219 420 298 461 τοῦ
345 416 582 466 παθόντος
620 415 768 471 χώρας
820 414 1214 470 ἐκβληθησόμενον
1259 411 1452 470 ἄταφον.

98 481 232 536 οὗτος
277 483 330 536 δὴ
381 484 516 539 νόμος
552 483 610 533 εἷς
646 481 764 545 Ηὴμῖν
797 486 902 525 ἔστω
952 481 1123 537 κύριος,
1175 483 1269 535 περὶ
1310 479 1455 538 ᾳόνου

98 557 304 606 κείμενος.

206 621 290 661 Καὶ
331 617 384 659 τα
423 620 501 673 μὲν
540 618 636 671 περὶ
676 614 728 657 τὰ
769 616 956 657 τοιαῦτα
1004 619 1125 667 μέχρι
1176 611 1346 655 τούτων
1385 612 1461 655 οὗ·

101 700 205 737 τως·
254 679 314 727 ὧν
356 686 400 726 δὲ
434 682 456 726 ὁ
506 686 677 731 κτείνας
723 680 784 739 ἐφ’
824 679 890 730 οἷς
928 695 972 720 τε
1019 678 1176 734 ὀρθῶς
1217 677 1276 720 ἄν
1310 683 1461 721 καθα-

98 752 176 807 ρὸς
211 752 288 805 εἰἠ,
326 750 429 793 τάδε
463 754 583 791 ἔστω.
621 747 791 804 νύκτωρ
829 749 959 803 φῶρα
995 750 1054 795 εὶς
1093 750 1237 789 οὶκίαν
1269 744 1456 795 εἰςιόντα

99 822 166 862 ἐπὶ
203 819 342 877 κλοπῇ
383 814 624 872 χρημάτων
659 813 738 857 ἐὰν
773 812 884 857 ἑλών
920 818 1064 872 κτείνῃ
1111 829 1197 862 τις,
1247 810 1458 868 καθαρὸς

98 889 228 928 ἔστω·
263 887 336 927 καὶ
370 881 451 925 ἐὰν
481 881 741 934 λωποδύτην
776 878 1057 936 ἀμυνόμενος
1096 878 1349 939 ἀποκτείνῃ,
1377 897 1453 922 κα·

100 950 251 1008 θαρὸς
293 955 422 993 ἔστω·
472 953 544 992 καὶ
596 948 674 991 ἐὰν
729 951 970 1003 ἐλευθέραν
1016 955 1204 1000 γυναῖκα
1250 949 1458 1001 βιάζηταί

103 1017 224 1071 τιςῆ
274 1019 411 1061 παῖδα
457 1018 553 1070 περὶ
600 1015 652 1057 τὰ
703 1015 969 1074 ἀφροδίσια,
1025 1016 1203 1065 νηποινὶ
1247 1013 1455 1057 τεθνάτω

100 1086 187 1130 ὑπό
225 1102 270 1128 τε
305 1086 384 1128 τοῦ
420 1081 716 1138 ὑβρισθέντος
749 1084 827 1137 βίᾳ
859 1082 930 1124 καὶ
960 1078 1046 1123 ὑπὸ
1078 1078 1248 1134 πατρὸς
1279 1078 1303 1132 ἢ
1333 1079 1458 1124 άὸελ-

103 1240 291 1280 Vulgatam
316 1239 401 1270 item
424 1242 540 1270 tuetur
563 1237 687 1268 venet.
711 1235 750 1273 Ξ,
781 1238 840 1277 qui
867 1241 983 1268 tamen
1011 1232 1088 1277 ἡμῖν
1113 1237 1266 1277 ignorat.
1294 1253 1337 1258 ——
1366 1237 1458 1274 κυρί-

104 1295 152 1318 ως·
183 1286 350 1326 scriptum
386 1285 554 1316 exhibent
588 1283 692 1315 etiam
724 1283 748 1316 f.
780 1282 814 1314 h.
851 1293 926 1314 eum
959 1292 1067 1323 marg.
1103 1287 1147 1316 A.
1173 1292 1206 1316 x.
1240 1286 1275 1313 et
1300 1290 1389 1313 corr.
1419 1278 1456 1311 Ω.

104 1333 212 1374 idque
237 1335 446 1371 receperunt
471 1330 692 1368 Tmioeuses,
718 1329 843 1360 merito
870 1329 1092 1370 improbante
1118 1328 1334 1360 Hermanno,

198 1371 251 1408 ὦν
285 1375 328 1407 δὲ
363 1372 381 1407 ὁ
416 1376 602 1418 κτείνας]
641 1372 682 1405 ὃν
708 1375 789 1406 Ald.
817 1375 908 1407 Low
934 1374 1035 1406 Bass.
1064 1375 1095 1408 1.
1123 1374 1155 1408 2.
1189 1384 1266 1405 cum
1292 1373 1381 1404 Ven.
1410 1373 1460 1405 Ξ;

106 1424 202 1465 quod
242 1423 395 1464 probans
432 1423 556 1453 Astius
592 1422 830 1453 accusativum
867 1426 985 1452 censet
1024 1431 1066 1452 ex
1108 1421 1239 1451 κτείνας
1272 1419 1459 1460 participio

104 1470 271 1512 pendere.
320 1469 418 1499 Idem
441 1474 610 1509 sequutus
638 1466 873 1498 Schneiderus
899 1471 969 1507 est,
995 1467 1169 1498 nescimus
1195 1476 1267 1499 cur.

198 1515 237 1547 C.
277 1515 454 1555 νηποινὶ
480 1511 695 1554 τεθνάτω]
723 1512 782 1545 Sic
808 1514 851 1544 A.
879 1517 913 1544 et
937 1523 1025 1544 corr.
1051 1510 1088 1544 Ω.
1116 1523 1193 1544 cum
1219 1512 1239 1543 f.
1271 1521 1301 1543 a.
1327 1508 1354 1542 δ.
1377 1520 1458 1542 o.x.

112 1561 223 1602 Vulgo
250 1560 470 1592 scribebatur
494 1559 674 1601 νηποινεί.

1505 882 1540 924 C

107 1697 160 1729 dis
196 1706 279 1728 vero
308 1697 363 1727 vel
395 1696 583 1736 aufugerat
618 1696 672 1727 vel
698 1696 746 1727 la—

108 1743 221 1783 tebat,
253 1743 422 1774 iudicium
455 1742 496 1773 de
531 1753 572 1774 eo
598 1743 634 1773 in
659 1742 747 1783 Pry-

108 1795 210 1821 taneo
236 1789 449 1830 habebatur,
483 1789 555 1820 telo
582 1789 643 1820 illo
669 1789 747 1820 leti-

108 1836 182 1867 fero
215 1835 251 1866 in
285 1835 437 1866 medium
472 1835 642 1873 adducto,
679 1844 747 1875 quo

109 1882 286 1923 parricida
312 1882 365 1912 vel
391 1881 665 1921 investigaretur
694 1880 750 1911 vel

109 1928 194 1959 diris
235 1927 480 1959 devoveretur.
544 1925 622 1964 Quo
656 1926 749 1957 facto

110 1973 285 2014 Ephetae,
313 1982 437 2004 caussa
464 1974 617 2013 cognita,
643 1973 750 2003 telum

109 2020 277 2051 iubebant
301 2024 401 2049 extra
427 2023 541 2050 terrae
556 2019 644 2050 fines
670 2028 750 2059 pro-

111 2066 184 2103 iici,
208 2065 508 2105 asportabantque
528 2065 615 2096 illud
636 2063 750 2103 οίφυ-

112 2110 320 2151 λοβασιλεῖς,
352 2111 410 2152 qui
442 2111 567 2142 horum
596 2111 640 2142 ad
663 2110 751 2150 Pry-

110 2163 249 2189 taneum
277 2157 458 2188 consessui
484 2161 689 2198 praeerant,
715 2156 749 2187 h.

113 2214 142 2237 e.
175 2203 219 2242 ii,
254 2203 332 2243 qui,
365 2207 403 2232 ut
443 2201 608 2243 βασιλεύς
641 2203 751 2234 totius

112 2249 338 2290 reipublicae,
364 2249 415 2280 ita
438 2259 521 2281 suae
545 2250 675 2290 quique
691 2249 751 2280 tri-

115 2296 178 2326 bus
205 2304 304 2335 sacra
337 2295 589 2334 procurabant.
618 2306 648 2329 v.
674 2294 752 2326 De-

116 2340 324 2372 mosthen.
348 2340 384 2371 in
409 2341 619 2374 Aristocrat.
641 2343 671 2382 ξ.
695 2340 750 2374 60.

116 2397 148 2428 p.
175 2384 252 2419 645.
279 2386 444 2418 Pollux.
473 2388 575 2420 VIII.
597 2387 651 2421 10.
675 2386 751 2421 120.

116 2432 372 2464 Matthiae
402 2433 423 2463 Ι.
456 2443 485 2465 c.
518 2444 551 2475 p.
583 2433 663 2468 154.
700 2443 752 2474 sq.

117 2477 374 2510 Schomann.
418 2479 647 2521 Antiquitatt.
686 2480 751 2510 iur.

117 2523 212 2566 publ.
239 2522 299 2555 Gr.
328 2533 360 2564 p-
386 2523 464 2558 295.
488 2526 533 2557 al.
622 2560 624 2562 ,

162 2569 203 2601 Β.
255 2566 323 2606 ὥς,
359 2565 407 2600 ἂν
440 2572 620 2612 φανῇ-
653 2567 750 2602 α’πο-

118 2612 413 2657 θανούμενον]
440 2617 482 2648 V.
503 2618 548 2650 ad
566 2628 598 2659 p.
619 2616 698 2651 853.
711 2615 751 2648 C-

163 2653 295 2693 οὗτος
321 2659 367 2702 δὴ
399 2660 533 2701 νόμος
565 2660 624 2695 εἷς
654 2659 752 2704 ἡμῖν

117 2706 242 2748 ἔστω]
275 2707 320 2739 H.
355 2717 384 2739 e.
416 2708 503 2741 haee
540 2709 646 2750 igitur
684 2718 753 2741 una

117 2757 190 2786 esto
216 2752 329 2794 legum
358 2762 449 2795 pars,
476 2755 518 2787 de
543 2756 647 2788 caede
676 2765 752 2788 san<

815 1696 974 1727 citarum.
1021 1694 1220 1726 Articulum
1247 1688 1264 1722 ὁ
1291 1697 1373 1723 ante
1399 1689 1457 1721 νό·

816 1751 880 1782 μσς
911 1751 955 1773 ne
988 1741 1066 1782 quis
1101 1751 1178 1772 cum
1204 1738 1332 1769 Astio
1367 1737 1457 1768 desi-

817 1790 925 1826 deret3
955 1799 984 1819 v.
1012 1788 1056 1818 ad
1082 1787 1150 1818 111.
1176 1797 1209 1827 p.
1230 1784 1308 1818 702.
1337 1782 1472 1814 C.1v.⁷

817 1846 850 1876 p.
888 1834 967 1868 706.
1006 1832 1045 1864 C.
1080 1833 1182 1864 VIII.
1222 1841 1255 1871 p.
1292 1829 1372 1863 829.
1412 1829 1456 1860 D.

817 1881 975 1922 Apolog.
1001 1889 1034 1919 p.
1062 1878 1116 1912 18.
1145 1880 1189 1910 A.
1214 1875 1270 1909 24.
1297 1876 1337 1908 B.
1360 1875 1457 1906 Prot.

818 1938 851 1968 p.
877 1926 955 1960 341.
985 1926 1027 1956 E.
1053 1925 1099 1956 al.

867 1993 1032 2034 νύκτωρ
1079 1993 1200 2033 φῶρα
1245 1989 1309 2021 εἰς
1353 1988 1458 2020 olui-

821 2052 869 2072 αν
894 2059 937 2063 —-
964 2036 1160 2080 καθαρὸς
1197 2035 1324 2076 ἔστω]
1352 2036 1459 2067 Pror-

820 2097 879 2118 sus
917 2087 968 2118 sic
1009 2085 1106 2125 leges
1132 2084 1292 2121 Atticae3
1324 2093 1355 2113 v.
1382 2081 1461 2113 De-

820 2134 974 2165 mosth.
1011 2132 1092 2163 adv.
1128 2131 1281 2162 Timocr.
1316 2139 1349 2169 p.
1385 2127 1461 2162 735,

821 2189 896 2220 sqq.
933 2179 1042 2210 Potiti
1072 2178 1185 2217 Legg.
1220 2177 1293 2207 Att.
1319 2184 1353 2215 p.
1381 2173 1460 2208 634.

820 2235 896 2266 sqq.
946 2224 1128 2256 Nocturno
1155 2223 1223 2253 furi
1250 2221 1377 2252 deinde
1401 2230 1461 2261 ap-

820 2272 964 2312 ponitur
991 2267 1009 2301 ὁ
1037 2266 1284 2308 λωποδύτης,
1311 2268 1332 2298 i.
1353 2277 1382 2299 e.
1406 2267 1460 2297 lo-

822 2323 906 2357 tro,
932 2317 1122 2358 praedo,
1149 2317 1389 2355 grassator.

869 2386 908 2417 C.
945 2386 1009 2417 καὶ
1035 2383 1107 2417 ἐὰν
1132 2380 1371 2421 ἐλευθέραν
1395 2390 1461 2422 γυ-

823 2436 948 2463 ναῖκα
975 2432 1041 2473 -]
1085 2430 1220 2471 Legum
1263 2428 1461 2459 Atticarum

823 2479 866 2510 de
914 2479 969 2510 his
1023 2478 1126 2509 rebus
1178 2478 1385 2515 argumenta
1430 2483 1461 2503 v.

821 2535 877 2566 ap.
915 2524 1117 2556 Aeschin.
1151 2532 1179 2553 e.
1206 2520 1298 2551 Tim.
1315 2519 1379 2560 39.
1405 2517 1461 2551 41.

824 2571 879 2602 Ib.
940 2570 996 2604 4⁶2.
1035 2569 1080 2604 37
1126 2578 1202 2609 sqq.
1261 2565 1339 2599 176.
1384 2564 1460 2598 177.

822 2617 999 2657 Lysiam
1039 2615 1081 2647 de
1121 2613 1239 2646 caede.
1282 2611 1460 2643 Eratosth.

823 2661 877 2696 38.
930 2663 1059 2694 Plut.
1103 2659 1227 2693 Solon.
1266 2657 1323 2692 23.
1388 2656 1460 2688 De-

824 2707 973 2740 mosth.
1000 2708 1078 2740 adv.
1113 2706 1267 2738 Aristor.
1294 2704 1324 2746 ξ.
1348 2701 1403 2738 55.
1428 2713 1461 2743 p.

825 2753 902 2788 637.
944 2753 1035 2787 conf.
1077 2753 1207 2785 Petit.
1240 2751 1352 2792 Legg,
1389 2750 1461 2781 Att.
