1781 2971
229 159 310 200 DE
342 156 620 201 LEGIBUS
654 159 770 201 LIB.
805 159 887 202 XI.
922 162 970 203 P.
1003 162 1098 202 926.
1133 162 1226 202 927.
1261 160 1326 204 St.
1391 163 1469 205 ⁶291

112 274 223 329 μετὰ
263 278 308 318 δὲ
346 273 428 326 τὴν
477 278 707 332 δευτέραν,
755 280 921 333 ἔρημον
969 282 1170 332 πατέρων
1218 283 1469 332 γενομένην,

112 344 415 398 μηχανᾶσθαι
450 345 533 395 δεῖ,
578 350 678 386 τινα
716 343 888 399 τρόπον
924 342 950 396 ἡ
989 346 1069 396 τῆς
1103 344 1327 403 ὀρφανίας
1364 343 1470 398 τύχη

114 417 209 458 τοῖς
254 415 503 464 γενομένοις
548 409 767 469 ὀρφανοῖς
804 410 862 461 ὡς
899 409 1056 463 ἥκιστα
1103 414 1224 454 ἔλεον
1276 411 1356 462 ἕξει
1392 412 1472 461 τῆς

115 478 364 533 συμφορᾶς.
402 478 580 533 πρῶτον
616 481 696 525 μὲν
731 477 784 530 δή
820 495 968 535 φαμεν
1006 481 1276 532 νομοθετεῖν
1313 476 1470 526 αὐτοῖς

116 542 220 593 τοὺς
255 544 578 602 νομοᾳύλακας
610 544 714 588 ἀντὶ
748 545 1028 601 γεννητόρων
1062 553 1256 601 πατέρας
1294 544 1348 588 οὐ
1382 550 1468 599 χεί-

115 627 232 664 ρους,
270 613 342 653 καὶ
380 609 432 662 δὴ
469 613 542 654 καὶ
580 611 696 654 καθ’
738 615 926 654 ἕκαστον
961 610 1168 654 ἐνιαυτὸν
1203 611 1262 660 ὠς
1298 615 1468 654 οικείων
1508 618 1511 623 “

114 679 422 732 ἐπιμελεῖσθαι
458 679 791 734 προςταττομεν
826 680 986 734 ἐμμελῆ
1025 678 1204 728 τούτοις
1237 695 1282 721 τε
1313 677 1469 727 αὐτοῖς

114 747 210 798 περὶ
248 745 418 801 τροφῆς
454 743 668 802 ὀρφανῶν
705 746 1104 800 προοιμιασάμενοι
1142 747 1215 788 καὶ
1251 753 1345 794 τοῖς
1378 750 1467 786 ἐπι-

113 811 309 865 τρόποις.
361 810 421 860 εἰ’ς
468 827 568 853 τινα
613 810 700 866 γάρ
746 806 826 855 οὖν
873 830 953 867 μοι
996 812 1154 867 καιρὸν
1199 810 1468 871 φαινόμεθα

114 876 219 927 τοὺς
253 880 514 933 ε’μπροσθεν
560 877 720 933 λόγους
764 879 1027 930 διεξελθεῖν,
1071 878 1130 930 ὡς
1165 877 1257 934 ἄρα
1296 885 1342 922 αἱ
1378 880 1467 920 τῶν
1497 888 1578 928 927

114 946 465 997 τελευτησάντων
513 950 654 1003 ψυχαὶ
697 945 887 1001 δύναμιν
933 949 1079 1002 ἔχουσί
1124 964 1223 988 τινα
1268 947 1467 997 τελευτη-

114 1026 261 1062 σασαι,
300 1029 325 1071 ῃ
352 1013 441 1053 τῶν
466 1011 556 1054 κατ’
587 1012 870 1068 ανθριόπους
903 1014 1178 1069 πραγμάτων
1215 1015 1470 1081 &napekoflvj

115 1096 203 1122 ται.
238 1080 383 1121 ταῦτα
422 1080 467 1120 ὸὲ
504 1078 696 1131 ἀληθεῖς
726 1097 815 1134 μεν,
852 1084 1015 1136 μακροὶ
1052 1080 1091 1123 δ’
1133 1082 1211 1123 εὶσι
1249 1096 1469 1136 περιεχου-

113 1163 183 1196 τες
231 1148 372 1200 λόγοι.
421 1147 639 1190 πιστεύειν
674 1150 719 1190 δὲ
766 1156 863 1197 ταῖς
910 1146 1069 1198 ἄλλαις
1115 1148 1287 1206 φήμαις
1327 1146 1466 1203 χρεών

208 1323 247 1354 P.
273 1323 350 1357 927.
401 1323 626 1356 πιστεύειν
663 1324 707 1356 δὲ
734 1329 824 1356 ταῖς
850 1343 889 1346 -
926 1321 1110 1364 φήμαις]
1146 1323 1250 1364 Vulg.
1278 1333 1319 1356 τε.
1347 1323 1408 1355 sed
1435 1321 1472 1354 δὲ

117 1373 156 1402 Α.
189 1367 226 1400 Ω.
256 1370 292 1402 Ξ.
320 1381 351 1402 v.
378 1370 400 1403 f.
429 1381 453 1401 r.
482 1381 512 1404 a.
543 1382 571 1403 c.
600 1370 627 1402 δ,
657 1382 687 1402 o.
715 1377 749 1402 et
779 1371 858 1402 libri
886 1370 1032 1401 Eusebii
1064 1375 1097 1400 et
1123 1369 1352 1402 Theodoreti.
1378 1370 1472 1401 unde

116 1416 242 1447 Astius
269 1416 408 1447 effinxit
434 1414 486 1457 δὴ,
512 1417 600 1449 duee
625 1417 766 1449 Fieiuo:
802 1416 1080 1458 quamobrem
1106 1420 1146 1446 et
1170 1416 1288 1447 aliis.
1338 1416 1472 1456 Vulga-

116 1469 186 1493 tam
213 1463 400 1493 lectionem
428 1473 470 1500 τε,
498 1474 603 1504 quam
628 1464 696 1495 fuit
713 1464 770 1506 qui
790 1473 832 1494 ex
849 1462 997 1494 voculae
1022 1461 1229 1494 traiectione
1254 1461 1473 1502 defenderet,

116 1518 192 1539 eum
218 1507 339 1549 Steph.
367 1514 484 1540 tuetur
509 1508 695 1542 Stobaeus.

115 1647 147 1685 ξ
172 1643 400 1678 450.1.1n
434 1647 603 1687 proximis
635 1648 759 1680 vitium

115 1691 248 1725 haeret,
298 1689 578 1733 corrigendum,
614 1695 758 1735 opinor·

117 1732 203 1768 καθ’
230 1735 289 1767 ἕνα
325 1736 481 1770 ἕκαστον.
516 1736 632 1772 αι’τιῦν
657 1752 688 1774 v.
715 1741 759 1772 ad

116 1784 302 1815 Philebum
328 1793 360 1823 p.
386 1784 441 1818 65
468 1785 508 1816 B.

161 1827 471 1868 ἐπιμελεῖσθαι
507 1849 545 1854 -—
582 1830 756 1873 ἐμμελῆ]

116 1875 163 1906 Η.
197 1885 226 1906 e.
264 1885 352 1915 quae
386 1877 430 1907 iis
478 1879 691 1909 conveniant
725 1884 761 1910 et

116 1925 199 1961 apta
226 1921 305 1952 sint.
354 1922 441 1953 Mox
471 1921 522 1955 εἰς
553 1922 676 1965 καιρόν
707 1929 759 1956 est

118 1972 379 2008 opportune.

163 2014 224 2044 εὶέ
251 2023 342 2044 τινα
367 2010 445 2054 γὰρ
467 2023 580 2052 ο.μοι
608 2011 760 2054 καιρὸν

119 2059 258 2100 maun]
287 2059 426 2090 Laudat
458 2059 545 2091 haec
570 2070 680 2101 usque
714 2060 759 2091 ad

120 2101 233 2137 οὕτως
245 2105 332 2144 ἔχειν
349 2105 612 2137 Theodoret.
629 2105 755 2138 Affect.

119 2149 182 2182 Gr.
212 2150 294 2182 Cur.
326 2161 359 2191 p.
387 2150 466 2185 119.
502 2152 556 2183 ed.
592 2150 689 2193 Sylb.
716 2162 759 2182 -τ

118 2196 198 2230 325.
224 2198 278 2229 ed.
306 2195 442 2237 Gaisfl,
477 2207 587 2239 usque
612 2198 656 2229 ad
683 2199 762 2237 φαί-

119 2253 245 2274 νωνται
276 2243 432 2274 Euseb.
466 2243 592 2284 Praep.
620 2244 760 2284 Evang.

119 2288 204 2320 XII.
230 2288 263 2322 3.
289 2299 322 2329 p.
349 2289 428 2323 575.
456 2290 488 2320 b.
520 2294 555 2321 et
579 2299 691 2331 usque
717 2290 761 2321 ad

121 2333 295 2372 δυςμενεῖς
331 2334 547 2367 Stobaeus
590 2332 760 2377 Florileg.

120 2380 164 2411 Τ.
192 2380 252 2412 ΙΙΙ.
279 2391 312 2422 p.
339 2380 419 2413 442.
445 2381 500 2412 ed.
526 2381 639 2414 Gaisf.
663 2382 762 2423 Lips.

167 2445 272 2479 τοὺς
313 2447 560 2492 ἔμπροσθεν
600 2448 763 2492 λόγους

120 2492 173 2537 8.]
199 2494 296 2526 Libr.
323 2495 385 2528 lx.
412 2508 445 2539 p.
472 2497 551 2532 865.
577 2497 617 2528 Ε.
645 2507 718 2538 sqq.

172 2564 209 2595 Ρ.
235 2563 314 2597 927.
356 2558 377 2604 ᾖ
403 2566 480 2597 τῶν
506 2562 590 2596 κατ’
615 2560 760 2606 ἁνθρ.]

120 2610 297 2641 Eusebius
347 2615 381 2641 et
420 2612 667 2643 Theodoretus
708 2611 763 2642 καὶ

125 2665 188 2696 pro
214 2648 235 2695 ᾗ
261 2657 430 2690 scribunt.
464 2657 555 2689 Dein
571 2657 701 2689 Euseb.
728 2655 765 2687 δὲ

125 2706 206 2742 post
224 2702 328 2733 ταῦτα
356 2704 498 2735 omittit.
530 2704 608 2735 Hoc
625 2703 764 2744 quidem

125 2756 266 2787 errore3
311 2755 393 2781 sunt
429 2752 520 2782 enim
562 2750 669 2781 verba
714 2750 764 2781 sic

827 1644 1020 1686 iungenda:
1053 1641 1151 1685 λόγοι
1183 1642 1350 1676 δὲνταῦτα
1376 1654 1468 1685 περι-

828 1690 960 1731 έχοντες
985 1686 1127 1730 ἀληθεῖς
1153 1690 1213 1728 μὲν
1237 1689 1318 1727 εἰσι,
1345 1691 1469 1732 μακροὶ

827 1735 874 1771 δέ.
911 1738 954 1768 In
981 1736 1108 1776 quibus
1135 1735 1232 1777 λόγοι
1258 1736 1470 1777 περιέχοντες

827 1789 908 1815 sunt
930 1784 1033 1814 haee
1060 1783 1358 1822 continentes,
1385 1784 1469 1815 ista

829 1829 1183 1870 complectentes3
1217 1829 1260 1860 de
1300 1839 1369 1870 quo
1402 1839 1468 1861 usu

827 1876 927 1907 verbi
964 1875 1127 1916 περιέχειν
1160 1886 1192 1906 v.
1229 1874 1378 1906 Usteri
1423 1876 1468 1907 ad

828 1921 1008 1952 Plutarch.
1064 1920 1118 1951 De
1154 1922 1399 1952 consolatione
1433 1932 1469 1963 p.

829 1967 906 2000 115.
941 1967 1036 1997 Male
1072 1967 1225 1997 Astius
1261 1968 1470 2008 interpreta-

828 2018 901 2044 tur:
926 2012 1032 2043 haee
1058 2012 1355 2054 divulgantes,
1379 2014 1469 2046 s.de

828 2059 894 2090 his
921 2059 1125 2099 dispersi.

876 2102 1096 2136 πιστεύειν
1122 2101 1162 2134 δὲ
1199 2107 1291 2136 ταῖς
1324 2102 1469 2137 ἄλλαις

830 2149 990 2192 φήμαις
1010 2150 1069 2191 -]
1092 2148 1324 2182 Scribendum
1340 2152 1468 2193 aliquis

830 2198 1008 2229 coniiciat:
1035 2194 1207 2227 πιστεύειν
1232 2197 1304 2235 μέν
1330 2208 1373 2239 γε
1398 2201 1470 2229 ταῖς

829 2241 952 2275 ἄλλαις.
1003 2241 1106 2274 Certe
1132 2243 1272 2283 quidem
1298 2244 1393 2274 istud
1417 2254 1468 2274 πι-

830 2287 963 2320 στεύειν
989 2284 1022 2318 δ’
1048 2283 1102 2325 αὖ,
1117 2289 1212 2329 quod
1230 2289 1469 2330 subsequitur,

828 2336 896 2367 tale
943 2335 1028 2376 quid
1070 2335 1250 2375 postulare
1294 2336 1467 2370 videatur.

829 2381 929 2413 Solet
954 2381 1046 2412 enim
1070 2378 1130 2419 μὲν
1155 2398 1197 2404 —
1226 2379 1263 2411 δὲ
1291 2383 1468 2423 usurpari,

828 2428 887 2458 ubi
918 2428 1010 2459 idem
1043 2426 1252 2457 vocabulum
1285 2430 1469 2469 repetitur,

830 2474 934 2505 sicuti
958 2473 1177 2504 ostendimus
1201 2473 1246 2504 ad
1272 2472 1407 2506 Phileb.
1434 2485 1468 2516 p.

830 2520 886 2554 29.
915 2519 954 2550 B.
980 2519 1089 2558 Legg.
1113 2518 1164 2550 Vl.
1187 2528 1220 2559 p.
1236 2518 1371 2553 753.A.
1409 2522 1468 2553 Ad

829 2563 937 2606 χρεων
969 2564 1064 2604 quod
1101 2565 1330 2607 supprimitur
1368 2564 1468 2605 ἐστίν,

830 2612 918 2643 1111111
951 2610 1018 2642 hoc
1052 2620 1115 2641 usu
1154 2610 1373 2652 frequentius
1404 2617 1468 2647 est.

832 2669 864 2689 v.
889 2657 1074 2697 Lennep.
1101 2657 1145 2688 ad
1170 2656 1312 2691 Phalar.
1338 2669 1372 2700 p.
1389 2658 1469 2692 104.

831 2714 862 2737 a.
898 2702 1050 2734 Usteri
1089 2703 1133 2734 ad
1169 2703 1349 2736 Plutarch.
1413 2705 1469 2736 De

832 2748 1002 2782 consolat.
1028 2759 1061 2790 p.
1089 2748 1133 2782 10
1157 2759 1209 2790 sq.
1236 2749 1329 2783 Dein
1353 2750 1469 2783 Theo-

1101 2814 1197 2855 19*
