1781 2971
430 126 649 169 VULGO
692 127 965 168 PLATONI
999 135 1077 169 etc.
1340 132 1421 171 4425

79 243 352 295 quantumvis
383 243 426 282 in
460 241 745 296 suspicionem
779 248 992 294 vocatum,
1025 244 1172 282 tamen'
1190 242 1423 284 etiamnum

79 298 238 340 habent
268 315 345 354 pro
379 299 600 340 Platonico
633 305 707 338 aut
739 297 889 338 saltem
925 300 967 338 in
1001 314 1050 339 ea
1081 306 1308 340 versantur
1330 301 1422 355 opi-

78 356 221 409 nione,
256 364 302 397 ut
333 371 442 411 quae
488 357 531 396 in
570 355 645 395 illo
684 355 890 409 leguntur
931 355 1153 410 exposita,
1200 356 1327 411 plane
1368 357 1423 398 ad

79 420 262 454 mentem
307 414 499 455 Platonis
547 412 770 466 disputata
811 427 904 453 esse
950 413 1222 465 existiment,
1275 428 1300 453 a
1339 429 1424 467 qua

79 471 291 511 sententia
320 486 374 511 ne
404 471 775 511 Hermannum
808 468 981 523 quidem
1014 469 1128 510 Hist.
1169 469 1278 510 Phil.
1312 471 1422 513 Plat.

78 526 104 566 ].
137 541 173 567 c.
206 535 249 568 et
281 527 414 568 Phil.
451 525 595 568 Gruil.
629 541 729 565 van
762 525 912 567 Heus
929 525 1070 566 dium
1111 525 1214 566 Init.
1261 527 1422 569 Philos.

79 582 189 624 Plat.
224 584 322 625 Vol.
355 584 415 624 II.
450 585 553 624 Part
583 582 644 623 II.
677 599 717 638 p.
752 585 817 623 515.
849 598 911 637 sq.
944 582 1124 623 multum
1157 583 1309 624 abesse
1333 586 1423 625 ani-

78 639 400 683 madvertimus.
461 640 579 692 Quin
610 639 737 680 etiam
769 640 938 680 exstitit
969 640 1215 693 nuperrime
1247 641 1312 680 vir
1347 641 1419 682 do-

78 697 311 750 ctissimus,
345 698 417 751 qui
448 698 562 738 illius
594 696 735 737 denuo
767 703 984 750 tamquam
1019 696 1228 738 vindicias
1259 707 1421 752 ageret,

79 753 428 808 quandoquidem
461 769 556 794 eum
588 753 640 793 ab
669 754 763 808 ipso
794 752 973 794 Platone
1006 753 1161 794 litteris
1203 763 1423 796 exaratum

78 825 172 851 esse
204 811 545 852 demonstratum
575 810 665 851 ivit.
724 810 808 850 Est
844 810 881 851 is
927 809 1000 850 Io.
1034 810 1422 864 Tidemannus,

78 868 152 921 qui
199 869 243 909 in
287 868 574 910 Commentat.
617 881 823 922 perquam
862 867 1008 908 subtili
1049 874 1090 908 et
1131 868 1300 910 erudita
1344 870 1422 910 De

77 924 192 965 Deo
236 925 490 966 Platonis
533 939 573 979 p.
610 926 702 964 134.
751 938 843 978 sqq.
877 923 1007 964 fidem
1039 925 1181 979 operis
1212 940 1260 967 eo
1295 925 1422 968 modo

78 980 309 1023 defendere
341 989 519 1023 conatus
551 988 629 1034 est,
662 986 710 1021 ut
735 996 787 1021 ex
818 981 908 1022 eius
944 981 1226 1023 similitudine
1258 990 1300 1024 et
1321 998 1422 1024 con—

76 1038 297 1080 iunctione
329 1054 425 1080 cum
456 1039 671 1093 Legibus,
712 1052 892 1092 quarum
925 1038 982 1078 sit
1012 1040 1256 1080 necessaria
1291 1055 1421 1094 quae-

78 1094 176 1136 dam
216 1096 457 1151 appendix,
514 1095 762 1151 planissime
813 1109 1020 1149 apparere
1072 1103 1271 1149 censeat,
1327 1113 1422 1138 eum

78 1159 194 1193 certe
226 1169 313 1194 non
345 1153 415 1193 alii
448 1152 612 1193 auctori
645 1159 871 1205 acceptum
913 1152 1066 1193 referri
1104 1153 1186 1194 nisi
1228 1154 1421 1208 ipsarum

77 1209 247 1264 Legum
286 1210 511 1265 scriptori,
556 1210 616 1249 ita
655 1215 702 1249 ut
740 1208 821 1249 hae
862 1209 897 1249 si
935 1224 1014 1263 pro
1062 1224 1192 1264 opere
1228 1211 1421 1253 Platonis

76 1265 331 1315 habeantur,
362 1266 622 1308 necessitate
655 1265 839 1319 quadam
877 1265 976 1306 inde
1017 1275 1333 1321 consequatur,
1375 1276 1423 1309 ut

77 1323 204 1363 etiam
235 1323 460 1378 Epinomis
492 1338 569 1379 pro
602 1323 788 1378 genuino
821 1321 1017 1363 Platonis
1050 1338 1178 1378 opere
1223 1324 1423 1366 habenda

77 1379 144 1421 sit.
202 1382 347 1433 Atque
377 1381 483 1421 hacc
517 1395 649 1433 quum
679 1380 740 1419 ita
771 1392 867 1420 sese
897 1378 1097 1433 habeant,
1137 1388 1290 1436 sponte
1324 1398 1422 1436 pro-

77 1436 188 1477 fecto
221 1437 489 1493 intelligitur,
522 1452 572 1476 ne
605 1435 916 1477 recentioribus
947 1435 1120 1489 quidem
1152 1439 1420 1492 temporibus

77 1495 415 1535 controversiam
447 1493 499 1533 de
531 1493 741 1547 opusculo
772 1492 998 1534 Platonico
1038 1494 1097 1533 ita
1138 1495 1419 1549 compositam

77 1564 198 1600 esse,
243 1560 291 1591 ut
335 1550 595 1592 dubitationi
635 1565 720 1591 non
761 1549 942 1604 amplius
978 1549 1098 1591 locus
1137 1551 1314 1593 relictus
1353 1553 1419 1595 sit.

78 1605 368 1658 Quamobrem
403 1622 533 1661 quum
564 1622 645 1648 nos
675 1621 812 1661 nuper
842 1605 983 1647 denuo
1015 1607 1068 1647 ad
1100 1607 1234 1649 libelli
1272 1609 1421 1651 lectio-

77 1678 173 1704 nem
206 1663 472 1706 dedissemus
502 1664 672 1704 invitati
702 1663 1013 1704 recentioribus
1037 1664 1128 1705 eius
1158 1664 1421 1708 editionibus

77 1735 101 1760 a
142 1718 192 1763 C.
231 1721 313 1762 Fr.
355 1722 695 1772 Hermanno,
742 1720 950 1761 Christ.
993 1720 1346 1764 Schneidero
1378 1730 1421 1764 et

78 1776 114 1819 Ι.
147 1776 345 1834 Georg.
378 1778 605 1819 Baitero
646 1777 800 1819 sedulo
841 1777 1025 1830 curatis,
1072 1777 1173 1819 data
1203 1779 1283 1820 hac
1315 1781 1419 1821 scri-

76 1834 206 1875 bendi
236 1835 561 1890 opportunitate
592 1835 653 1875 ita
683 1835 745 1875 uti
776 1835 1093 1886 constituimus,
1132 1843 1181 1876 ut
1221 1837 1327 1889 quid
1369 1836 1421 1878 de

77 1890 162 1931 fide
184 1897 227 1931 et
247 1892 503 1932 auctoritate
527 1891 642 1932 illius
665 1890 999 1932 existimandum
1024 1899 1154 1943 esset,
1187 1893 1419 1946 aliquando

77 1947 415 2003 disceptaremus
456 1947 734 2003 diligentius,
781 1946 896 2001 quod
938 1947 1111 2000 quidem
1154 1949 1281 1990 etiam
1320 1949 1419 1991 ideo

77 2005 218 2045 visum
250 2012 316 2046 est
346 2021 431 2046 non
462 2004 615 2045 inutile
646 2005 759 2055 fore,
806 2004 908 2058 quia
937 2004 1017 2044 viri
1049 2003 1313 2059 doctissimi,
1347 2007 1419 2060 qui

78 2077 171 2102 eam
203 2062 501 2116 quaestionem
531 2061 672 2102 adhuc
711 2067 1031 2112 tractaverunt,
1072 2077 1160 2102 rem
1200 2078 1286 2104 non
1330 2069 1419 2104 tam

78 2126 277 2160 accurate
318 2119 622 2172 subtiliterque
674 2118 1046 2174 pervestigarunt,
1100 2134 1226 2173 quam
1271 2121 1418 2175 potius

78 2175 229 2216 leviter
272 2176 510 2232 attigerunt
541 2182 585 2216 et
622 2182 840 2229 tamquam
871 2190 947 2230 per
992 2176 1263 2217 occasionem
1303 2192 1419 2218 com-

78 2240 379 2273 memorarunt.
442 2233 616 2273 Etenim
647 2247 725 2273 nos
768 2232 942 2286 quidem
982 2233 1154 2287 penitus
1194 2233 1255 2273 ita
1294 2234 1420 2275 nobis

77 2291 394 2344 persuasimus,
436 2296 483 2330 ut
513 2296 605 2330 tota
645 2303 800 2330 caussa
840 2288 1091 2345 diligentius
1133 2288 1302 2330 demum
1346 2305 1419 2332 co-

79 2346 202 2400 gnita
225 2345 422 2386 effectum
441 2346 493 2386 iri
513 2347 819 2398 existimemus,
845 2345 961 2400 quod
981 2360 1094 2386 nunc
1117 2346 1288 2399 quidem
1310 2362 1419 2388 non-

79 2402 181 2444 dum
212 2401 411 2443 effectum
443 2410 524 2455 est,
556 2410 605 2444 ut
636 2419 738 2444 num
779 2409 821 2444 et
860 2410 1074 2456 quatenus
1113 2403 1417 2457 Epinomidem

79 2467 153 2500 aut
183 2475 261 2514 pro
293 2459 478 2515 genuina
508 2460 689 2514 probare
721 2466 795 2501 aut
825 2458 878 2500 ad
913 2459 1247 2501 collustrandam
1273 2460 1418 2502 Plato-

81 2517 146 2558 nis
179 2515 416 2558 doctrinam
449 2516 491 2556 in
524 2516 748 2558 consilium
780 2517 984 2558 adhibere
1015 2516 1155 2569 liceat,
1184 2517 1416 2571 aliquando

81 2575 238 2614 certius
273 2573 540 2627 exploratum
571 2573 793 2615 habeatur.

191 2630 337 2671 Fateri
368 2637 508 2670 autem
540 2630 683 2671 statim
712 2632 756 2672 in
777 2629 1082 2687 disputationis
1109 2636 1280 2671 nostrae
1302 2631 1417 2684 prin-

82 2687 194 2742 cipio
232 2687 405 2740 licebit,
446 2701 524 2728 nos
566 2688 738 2729 omnino
777 2689 823 2728 in
865 2687 944 2728 hac
983 2699 1135 2728 caussa
1175 2687 1227 2729 ab
1268 2703 1415 2729 eorum
