1781 2971
319 150 402 192 3⁶26
792 150 1183 195 PLATONIS

317 266 378 321 μὴ
416 268 757 325 διαψηφιζέσθω
796 284 891 324 περι
931 268 1095 322 ταύτης
1132 271 1210 321 τῆς
1245 270 1377 321 δίκης.
1415 272 1587 322 γυναικὶ
1627 271 1666 313 ὁ’

318 334 467 385 ἐξέστω
506 335 721 389 ὲᾟευιῖέρᾳ
755 344 994 391 μαρτυρεῖν
1033 339 1104 379 καὶ
1139 344 1411 392 συνηγορεῖν,
1446 335 1524 379 ὲαν
1559 336 1670 392 ὑπὲρ

318 399 651 457 τετταράκοντα
687 402 763 452 ἔτη
798 394 823 460 ⁹⁷!
861 411 1086 455 ysyovaa,
1131 407 1204 446 καὶ
1253 405 1376 455 δίκην
1423 402 1671 458 λαγχάνειν,

317 465 397 509 &av
433 465 656 520 ἄναιδρος
690 459 738 526 ᾖ
777 468 940 519 ζῶντος
975 471 1019 511 δὲ
1057 468 1221 524 ἀνδρὸς
1257 470 1406 521 ἐξέστω
1444 487 1671 525 μαρτυρη-

318 548 390 575 σαι
427 532 583 588 μόνον.
621 535 753 593 δουλη
790 535 834 576 δὲ
871 538 943 577 καὶ
981 535 1119 590 ὁουλῳ
1156 541 1226 578 καὶ
1267 538 1390 579 παιδι
1423 535 1564 594 φόνου
1591 538 1671 591 μό-

319 617 400 644 νον
437 601 585 652 egeam
598 608 865 677 μαρτυρεῖν
901 619 972 643 και
1012 611 1292 658 συνηὶορεῖν,
1339 601 1418 645 ὲαν
1458 602 1671 656 ὲγςυητὴν

318 665 556 722 ἀξιόχρεων
596 659 618 717 ἦ
656 666 746 742 μὴν
779 671 922 722 μένειν
958 667 1210 728 καταστήσῃ
1245 674 1363 724 μέχρι
1404 671 1543 720 δίκης,
1593 669 1671 712 ὲαν

318 735 575 793 ὲπισκηᾳθῆ
613 749 668 776 τοι
706 736 849 790 ψευδῆ
894 738 1187 792 μαρτυρῆσαι.
1237 734 1589 788 ὲπισκηπτεσθαι
1626 739 1670 779 δὲ

318 802 405 843 τῶν
441 800 690 842 ἀντιδίκων
718 799 927 854 ἑκάτερον
963 800 1044 863 ὅλῃ
1082 804 1131 863 τῇ
1166 806 1389 857 μαρτυρίᾳ
1426 805 1496 843 καὶ
1539 808 1668 858 μέρει,

318 865 397 910 ἐὰν
433 864 485 909 τὰ
534 868 677 926 ψευδῆ
727 868 788 927 φῇ
834 867 931 910 τινα
984 875 1384 926 μεμαρτυρηκέναι,
1436 871 1540 924 πρὶν
1587 868 1669 921 τὴν

409 998 449 1032 P
475 997 556 1032 937.
606 997 647 1028 Β.

317 1048 437 1083 μενεῖν.
468 1055 499 1075 v.
526 1044 706 1085 explieatt.

697 992 717 1038 ἦ
753 996 832 1040 μὴν
871 998 1032 1041 μένειν]
1069 999 1189 1041 Steph.
1226 1005 1260 1033 et
1293 1000 1354 1032 alii
1389 999 1511 1031 invitis
1567 999 1666 1032 libris

409 1088 481 1122 ἐὰν
514 1088 792 1134 ἐπισκηφθῇ]
841 1089 1040 1131 ἑπισκεφθῆ
1073 1102 1104 1122 v.
1133 1097 1167 1122 et
1209 1101 1261 1132 pr.
1297 1091 1341 1122 A.
1373 1087 1410 1122 Ω.
1437 1099 1468 1122 ο.
1483 1112 1492 1129 ,
1522 1092 1670 1122 correcti

315 1137 398 1168 item
425 1147 456 1170 a.
484 1146 512 1167 e.
541 1133 570 1166 δ.

621 1134 790 1167 Similiter
822 1137 902 1168 dein
930 1142 1130 1179 peecatum,
1163 1137 1222 1169 ubi
1248 1137 1351 1170 codd.
1378 1136 1516 1177 atiquot
1539 1135 1670 1168 habent

316 1180 597 1219 ἐπισκέπτεσθαι,
621 1182 715 1223 quod
741 1183 777 1213 in
807 1183 850 1214 A.
883 1180 921 1214 Ω.
947 1194 977 1215 a.
1006 1193 1056 1225 pr.
1084 1193 1189 1215 manu
1216 1183 1382 1224 scriptum
1409 1186 1515 1214 extat.

363 1271 540 1314 γυναικὶ
567 1269 599 1302 δ’
627 1271 785 1313 ἐξέστω
806 1284 958 1314 -μαρ-

318 1318 488 1359 ιυρεὶν]
517 1316 621 1354 Quod
646 1318 878 1359 philosophus
896 1321 958 1351 eti-

316 1374 371 1397 am
409 1365 613 1395 mulieribus
650 1365 958 1406 quadragesimum

316 1411 442 1442 aetatis
469 1420 599 1442 annum
626 1412 774 1450 egressis
801 1413 957 1443 testimo-

315 1457 366 1489 nii
393 1457 532 1488 dicendi
560 1456 762 1488 facultatem
784 1458 956 1497 coneedit,

315 1503 350 1534 id
376 1513 397 1534 a
421 1502 577 1533 moribus
604 1508 637 1533 et
666 1503 836 1535 institutis
864 1505 956 1535 Atti-

315 1549 364 1581 cis
391 1549 610 1589 aliquantum
636 1549 779 1580 recedit.
806 1560 837 1581 v.
868 1549 952 1581 Pro-

315 1604 402 1626 ceSS.
437 1596 512 1625 Att.
538 1605 559 1635 p
597 1594 675 1628 667.
711 1596 759 1626 At
790 1596 954 1627 nimirum

313 1640 501 1672 tenendum
528 1644 591 1678 est,
614 1640 795 1672 Platonem
811 1642 954 1672 omnino

313 1686 489 1718 fortunam
516 1690 550 1716 et
574 1686 812 1718 conditionem
833 1688 954 1718 mulie-

312 1742 390 1764 rum
439 1731 593 1762 voluisse
639 1731 715 1763 fieri
763 1733 954 1766 meliorem.

314 1777 549 1816 Quamobrem
576 1778 618 1808 iis
641 1779 745 1809 etiam
771 1779 954 1819 magistra-

314 1829 369 1855 tus
401 1824 572 1864 quosdam
597 1823 733 1856 deferre
760 1834 828 1856 nou
857 1825 956 1856 dubi-

314 1870 412 1902 tavit.
440 1881 470 1900 v.
498 1870 596 1900 Libr.
625 1870 684 1901 VI.
714 1881 746 1911 p.
773 1870 852 1905 785.
879 1870 919 1901 B.

363 1916 402 1948 Β,
454 1913 594 1955 φόνου
624 1913 759 1954 μόνον
797 1914 957 1956 ἐξέστω

315 1960 573 2003 μαρτυρεῖν]
603 1962 854 2003 Stephanus*
875 1967 956 1995 ante

317 2006 433 2048 φόνου
459 2012 558 2049 putat
574 2009 748 2040 excidisse
775 2010 859 2048 περί.
889 2009 954 2040 Le-

314 2055 394 2085 nius
434 2055 583 2085 Astius
625 2055 780 2085 correxit
826 2052 952 2094 φόνον.

315 2100 509 2140 Antipho
545 2099 600 2131 De
626 2101 732 2131 caede
758 2100 890 2134 Herod.
923 2100 954 2141 ξ.

313 2144 375 2179 48:
409 2145 463 2176 καὶ
496 2148 676 2185 μαρτυρεῖν
709 2145 816 2186 ἔξεστι
841 2144 953 2188 δούλῳ

315 2188 398 2223 κατὰ
424 2191 484 2222 τοῦ
511 2189 700 2232 ἐλευθέρου
735 2188 796 2222 ιὸν
827 2190 951 2232 φόνον.

314 2238 406 2269 unde
431 2237 582 2270 Athenis
618 2247 757 2278 quoque
792 2237 881 2270 hane
907 2238 952 2270 ie-

313 2293 392 2337 gem
423 2282 577 2316 valuisse
603 2283 789 2315 verisimile
813 2283 863 2315 fit.

362 2323 380 2369 ἦ
413 2326 511 2371 μὴν
540 2329 735 2369 μένειν]
786 2330 953 2369 AstiuS,

315 2375 562 2415 Bekkerus‚
611 2375 833 2414 Ἰιιτίοθηεεε,
882 2376 953 2415 alii,

315 2421 358 2452 de
384 2422 587 2453 coniectura
614 2400 833 2462 Stephani
867 2422 949 2452 scri-

314 2472 457 2507 pserunt
482 2471 603 2505 μενεῖν.
630 2466 698 2499 Sed
715 2467 832 2499 futuro
851 2466 952 2499 facile

314 2512 448 2544 carebis
474 2513 574 2545 lectis
600 2513 662 2552 iis,
696 2523 785 2554 quae
817 2513 858 2544 de
886 2523 948 2545 usu

312 2560 506 2599 praesentis
538 2559 765 2599 exposuimus
797 2559 841 2590 ad
873 2558 950 2590 Cri-

312 2609 386 2635 ton.
420 2615 451 2645 p.
480 2605 536 2638 5⁶2.
573 2603 612 2636 O.
646 2605 690 2635 D.
724 2604 815 2636 eous.
846 2605 949 2637 etiam

312 2649 422 2691 Legg.
449 2650 515 2681 IX.
543 2661 577 2691 p.
603 2649 683 2685 856.
710 2650 761 2682 A:
799 2647 948 2692 ὑποσχό-

311 2705 416 2734 μενον
449 2693 538 2737 πρόε
576 2696 635 2736 τῆς
670 2693 804 2727 Ἑστίας
837 2716 876 2719 »-
913 2694 949 2728 τὰ

312 2740 424 2774 δίκαια
451 2742 503 2773 κα)
529 2737 643 2783 ἀληθῆ
670 2743 804 2783 κρίνειν.

1076 1271 1148 1305 ἐὰν
1175 1271 1428 1315 ἐπισκηφθῇ
1455 1269 1504 1304 τὰ
1532 1271 1671 1313 ψευδῆ

1028 1319 1330 1362 μαρτυρῆσαι]
1358 1319 1426 1350 ubi
1453 1323 1669 1358 arguatur

1028 1365 1183 1397 falsum
1210 1366 1386 1397 dedisse
1419 1365 1667 1396 testimoni-

1027 1422 1101 1444 um.
1159 1411 1214 1441 Ex
1246 1412 1300 1442 his
1338 1416 1371 1441 et
1396 1410 1566 1452 proximis
1592 1421 1667 1442 ver-

1026 1457 1080 1488 bis
1110 1458 1136 1489 Η
1154 1466 1388 1488 ermannus
1429 1456 1484 1488 De
1508 1456 1668 1497 vestigiis

1026 1508 1109 1534 vett.
1137 1504 1301 1534 institutt.
1334 1507 1397 1534 ctr.
1432 1512 1464 1543 p.
1499 1501 1553 1536 69.
1594 1502 1668 1533 effi·

1028 1559 1105 1581 cere
1130 1554 1275 1581 conatus
1301 1553 1353 1581 est
1375 1546 1558 1590 ἐπίσκηψιν
1583 1552 1666 1587 ψευ-

1025 1593 1263 1636 δομαρτυριῶν
1308 1595 1351 1626 ab
1399 1595 1538 1625 actione
1587 1594 1666 1625 falsi

1024 1642 1213 1672 testimonii
1240 1641 1457 1681 aliquantum
1483 1640 1592 1671 fuisse
1616 1640 1667 1670 di-

1028 1697 1173 1718 versam.
1200 1687 1339 1717 Etenim
1365 1683 1581 1726 έπισκήψεως
1605 1695 1665 1716 na-

1025 1738 1138 1764 turam
1164 1733 1219 1773 vir
1244 1733 1392 1764 eximius
1419 1737 1537 1763 censet
1561 1732 1596 1762 in
1623 1741 1665 1763 eo

1025 1780 1132 1818 cerui,
1158 1773 1195 1809 u‘t
1220 1779 1337 1810 statim
1362 1778 1396 1808 iu
1421 1777 1666 1818 cognoscenda

1023 1834 1148 1856 caussa
1178 1826 1276 1866 quasi
1301 1824 1523 1854 recusatione
1556 1823 1662 1854 inter-

1025 1872 1141 1911 posita
1175 1871 1261 1902 fides
1298 1871 1439 1901 testium
1475 1868 1664 1901 labefacte-

1022 1923 1098 1956 tur,
1123 1917 1204 1947 licet
1229 1917 1263 1947 in
1289 1917 1332 1947 iis
1358 1920 1492 1947 tantum
1517 1915 1664 1955 caussis,

1022 1973 1110 2004 quae
1135 1967 1230 1994 totae
1257 1973 1277 1994 a
1301 1962 1513 1993 testimoniis
1531 1961 1660 2002 pende-

1021 2013 1117 2048 rent,
1154 2007 1335 2050 ἐπίσκηψιν
1368 2008 1534 2038 continuo
1568 2008 1660 2038 actio

1021 2060 1142 2087 secuta
1182 2065 1258 2086 esse
1295 2055 1474 2093 videatur,
1510 2053 1544 2084 h.
1571 2063 1599 2084 e.
1626 2053 1663 2084 in

1023 2099 1264 2143 διαμαρτιιρι’ᾳ,·
1305 2101 1341 2130 in
1375 2099 1520 2140 reliquis
1559 2108 1662 2139 expe-

1022 2148 1109 2178 ctari
1136 2146 1349 2187 oportuerit,
1382 2146 1493 2176 donec
1526 2144 1660 2185 aliquid

1022 2193 1138 2224 damni
1166 2202 1207 2222 ex
1239 2202 1280 2223 eo
1306 2191 1506 2222 testimonio
1539 2200 1660 2231 aceep-

1022 2244 1093 2269 tum
1129 2242 1230 2269 esset.
1293 2236 1377 2268 Rem
1419 2237 1661 2276 disceptarunt

1021 2289 1203 2325 praeterea
1234 2283 1385 2314 Meier.
1410 2281 1569 2314 Process.
1597 2283 1660 2313 At-

1022 2331 1080 2361 tic.
1106 2340 1138 2370 p.
1166 2328 1245 2363 381.
1275 2329 1466 2360 l‘latner.
1496 2327 1657 2360 Process.

1021 2380 1055 2407 et
1083 2376 1246 2408 Aetionn.
1276 2375 1353 2407 Vol.
1379 2374 1407 2406 Ι.
1433 2384 1465 2414 p.
1483 2373 1562 2407 398.
1582 2384 1658 2415 sqq.

1021 2422 1078 2461 qui
1115 2431 1287 2462 exposuei
1292 2426 1354 2451 unt
1379 2420 1481 2451 etiam
1507 2420 1549 2452 do
1574 2424 1656 2458 ψευ-

1020 2464 1258 2508 δομαρτυριωι
1284 2465 1370 2506 δίκῃ.

1065 2510 1402 2554 ἐπισκήπτεσθαι
1428 2509 1470 2541 δὲ
1492 2510 1568 2541 τῶν
1593 2506 1655 2541 α’ν-

1022 2557 1217 2600 ubsrum]
1250 2561 1458 2590 accusato
1485 2566 1591 2587 vero
1619 2567 1655 2587 u-

1019 2610 1173 2646 terque
1220 2603 1500 2646 litigantium
1550 2602 1640 2634 alte

1019 2661 1106 2681 rum
1126 2650 1376 2683 testimonii
1394 2648 1458 2679 vel
1479 2648 1655 2679 omuino

1020 2697 1083 2728 vel
1109 2707 1157 2729 ex
1186 2701 1309 2738 parte
1335 2695 1451 2730 falsi,
1473 2694 1506 2724 si
1531 2704 1651 2734 quem

1018 2743 1251 2775 contendat
1288 2743 1404 2774 falsa
1434 2744 1647 2772 testatum
