1781 2971
144 162 229 203 DE
263 160 537 205 LEGIBUS
570 161 688 203 LIB.
722 161 806 203 XI.
845 162 891 203 P.
926 163 1021 203 924.
1055 164 1149 206 925.
1183 162 1246 206 St.
1319 165 1400 205 285

47 282 150 330 λους
184 272 314 322 ὦσιν·
360 278 439 320 ἐὰν
477 279 520 320 δὲ
557 279 666 332 μηδὲ
701 275 760 326 εἷς
797 275 980 328 τούτων,
1015 276 1212 336 ἀδελφῆς
1233 281 1276 321 δὲ
1299 287 1403 330 παῖς

46 340 93 406 ᾗ,
131 345 243 388 κατὰ
283 344 455 387 ταῦτα’·
495 349 705 401 τέταρτος
742 347 785 387 δὲ
825 343 995 399 πατρὸς
1031 345 1250 402 αδελᾳός,
1297 351 1402 401 πέμ-

47 431 154 463 πτος
191 415 234 455 δὲ
276 411 436 455 τούτου
473 420 591 462 παῖς,
628 415 750 460 ἕκτος
788 414 832 454 δὲ
869 412 1066 470 ἀδελφῆς
1091 412 1258 467 πατρὸς
1279 416 1400 468 ἔκγο-

46 497 139 530 νος.
175 478 379 529 ὠςαύτως
414 481 458 522 δὲ
495 479 544 521 τὸ
585 484 708 532 γένος
743 477 813 521 ἀεὶ
849 482 1108 533 πορευέσθω
1133 479 1232 521 κατ’
1275 480 1399 536 ἀγχι-

46 550 207 597 στείαν,
242 547 321 588 ὲαν
358 563 422 596 τις
460 548 622 595 παῖδας
658 548 848 597 θηλείας
883 548 1137 605 καταλείπῃ,
1177 544 1233 589 δι’
1273 546 1401 591 αδελ-

45 616 143 671 φῶν
180 630 224 656 τε
261 615 333 656 καὶ
368 612 620 670 ἀδελᾳιδῶν
655 611 866 662 ἐπανιόν,
904 616 1164 667 ἔμπροσθεν
1199 615 1279 667 μὲν
1315 617 1402 657 τῶν

46 678 273 738 άρῥένων,
309 678 494 735 ὕστερον
532 683 576 722 δὲ
616 680 814 731 θηλειῶν
852 681 914 722 ἑνὶ
955 685 1080 733 γένει.
1121 677 1205 731 τὴν
1239 682 1282 722 ὁὲ
1321 685 1400 725 τοῦ

47 751 135 789 τών
182 746 336 801 γάμων
378 745 546 802 χρόνον
595 749 863 801 συμμετρίαν
912 762 956 787 τε
1007 750 1077 788 καὶ
1123 745 1340 802 ἀμετρίαν
1376 746 1399 791 ὁ

45 813 252 866 δικαστὴς
299 814 477 856 σκοπῶν
526 817 727 868 κοινέτω,
771 810 967 866 ρυμνοὺς
1014 815 1095 868 μὲν
1130 813 1235 864 τοὺς
1269 812 1403 872 α’ῥρε-

45 899 153 930 νας,
201 879 372 934 γυμνάς
416 881 461 922 δὲ
511 879 722 936 ὀμφαλοῦ
772 883 895 957 μέχρι
932 878 1158 935 θεώμενος
1194 898 1274 931 τας
1312 885 1402 934 θη-

45 951 175 997 λειᾞας
213 946 292 989 ἐὰν
328 948 372 989 δὲ
410 954 503 996 τοῖς
541 950 715 996 οἰκείοις
758 946 927 1004 απορία
964 947 1182 1002 ξυῃενων
1220 941 1244 1008 ᾗ
1278 953 1401 1005 μέχρι

45 1074 295 1111 ἀποθανόντος
324 1079 361 1108 A.
393 1074 430 1107 Ω.
458 1077 494 1108 Ξ.
520 1086 545 1108 r.
574 1087 604 1109 a.
632 1088 660 1108 ο.
688 1077 719 1108 6.
747 1089 777 1108 o.

47 1127 158 1155 tamen
186 1123 372 1154 seclusum.

48 1219 127 1255 post
155 1214 188 1245 δὲ
216 1214 432 1245 inserebatur
457 1216 522 1246 >ml

146 1306 182 1337 P.
208 1305 288 1339 925.

51 1352 197 1384 Bekker.
227 1353 329 1384 etiam
359 1354 398 1386 A.

49 1466 69 1497 1.
97 1474 126 1496 c.
155 1475 184 1497 c.
211 1465 267 1499 27.
316 1464 475 1506 „Neque
501 1463 601 1501 iilud,
640 1465 690 1496 in—

48 1511 134 1552 quit,
161 1510 318 1543 Athenas
343 1510 532 1543 transferre
559 1510 693 1550 dubito,

48 1556 139 1598 quod
174 1567 254 1596 eos,
293 1556 352 1598 qui
385 1556 446 1589 hac
477 1567 519 1588 ex
555 1557 634 1597 lege
659 1556 691 1587 iu

49 1602 305 1635 matrimonium
327 1607 447 1644 petant
472 1605 690 1643 petanturve‚

48 1649 189 1681 iuvenes
217 1649 344 1689 pariter
376 1658 417 1680 ac
447 1649 601 1689 puellas,
635 1647 691 1679 ubi

49 1694 92 1725 de
124 1695 363 1728 convenientia
397 1695 521 1726 aetatis
553 1693 594 1725 ad
630 1702 691 1725 nu-

49 1740 141 1782 ptias
167 1740 376 1781 disceptatio
402 1739 554 1778 oriatur,
580 1739 691 1771 nudos

49 1788 80 1817 in
117 1786 249 1818 iudicio
289 1786 410 1827 inspici
452 1786 568 1828 iubet3
610 1785 693 1817 haec

50 1833 142 1863 enim
170 1833 288 1874 procui
306 1831 411 1863 dubio
431 1835 505 1864 erat
526 1831 580 1863 iila
607 1830 693 1863 ado·

50 1879 258 1910 lescentium
287 1878 496 1918 expioratio‚
523 1887 591 1918 qua
611 1877 693 1909 Phi-

51 1924 165 1955 iocleo
199 1923 288 1965 apud
316 1922 587 1964 Aristophanem
619 1924 695 1964 gio·

51 1970 161 2001 riatur
185 1970 295 2010 Vesp.
324 1980 354 2002 v,
380 1969 459 2003 598.
487 1987 528 1991 ——
566 1969 695 1999 παίδων

52 2015 168 2046 τοίνυν
195 2014 474 2058 δοκιμαζομένων
494 2014 611 2045 αἰδοῖα
630 2012 696 2044 ποῖ-

52 2072 146 2104 ρεστι
180 2063 344 2092 θεᾶσθαι
371 2072 431 2100 -;
465 2060 564 2092 cuius
605 2059 694 2091 haud

51 2116 131 2138 raro
168 2107 363 2138 necessitas
397 2107 566 2139 exsistere
596 2110 695 2147 pote-

53 2156 119 2193 rat,
145 2152 241 2184 verbi
269 2163 390 2184 caussa
418 2153 444 2184 si
472 2152 547 2193 quis
574 2162 694 2193 quam-

51 2198 104 2230 vis
154 2200 326 2230 remotior
381 2203 525 2240 agnatus
574 2198 694 2229 orbam

53 2254 130 2276 cum
157 2244 372 2277 haereditate
404 2245 450 2276 ita
484 2244 547 2276 sibi
585 2242 695 2275 vindi-

53 2291 173 2328 cabat,
228 2294 264 2322 ut
317 2290 514 2332 propiorem
567 2289 695 2331 nuptiis

53 2335 210 2368 ineundis
236 2336 391 2375 nondum⁸
417 2340 590 2368 maturum
618 2345 696 2368 esse

54 2381 230 2414 diceret-‘⁶

100 2426 174 2458 ἐὰν
207 2427 250 2458 δὲ
283 2430 378 2463 τοῖς
411 2427 597 2462 οἰκείοις
630 2425 694 2467 —]

54 2472 144 2505 Mire
169 2473 299 2504 fallitur
327 2473 496 2512 Astius,
533 2473 587 2513 qui
618 2475 694 2508 τοῖς

55 2518 191 2554 οἰκείοις
218 2518 269 2550 hic
294 2529 360 2550 non
390 2529 468 2550 esse
494 2520 606 2550 iocum
634 2518 698 2550 sibi

56 2564 244 2606 persuasit,
270 2565 422 2606 ideoque
437 2564 604 2597 audacter
618 2574 695 2596 cor-

56 2609 146 2642 rexit
171 2612 237 2641 τῶν
261 2610 408 2649 οἰκείων,
441 2610 533 2650 quod
566 2609 695 2643 refera-

57 2659 112 2687 tur
126 2655 167 2687 ad
193 2656 371 2698 ξυγγενῶν,
398 2659 437 2688 ut
462 2656 697 2697 significentur

57 2700 150 2743 apti
189 2702 362 2744 cognati
407 2712 434 2734 s.
476 2712 695 2735 accommo-

59 2745 170 2787 dati,
204 2749 234 2780 Ιι.
263 2759 294 2781 e.
316 2747 407 2782 tiliae
433 2746 586 2781 defuncti
612 2757 695 2780 con-

838 1078 887 1109 Ac
922 1078 1052 1119 recepit
1085 1078 1120 1110 δὲ
1152 1079 1272 1115 Herm.
1306 1081 1402 1113 uncis

422 1123 625 1164 Legendum
661 1135 722 1154 τοι
713 1123 766 1154 δε
790 1121 1055 1163 ἀποθανόηος,
1086 1129 1122 1156 ut
1148 1128 1400 1168 rescripsimus

139 1164 343 1204 ωςαύτως
370 1169 410 1199 δὲ
439 1169 480 1199 113
511 1172 664 1209 γεἰνος
655 1167 746 1209 ἀεὶ]
773 1169 834 1200 Sic
867 1172 904 1200 A.
933 1170 983 1200 Ω.

1011 1171 1046 1200 Ξ.
1071 1181 1101 1202 a.
1129 1182 1158 1203 c.
1179 1173 1208 1203 6.
1226 1185 1254 1204 ο.
1292 1175 1402 1214 ΧιιΙᾳο

575 1215 657 1247 Dein
690 1215 894 1256 καταλείπῃ,
931 1226 994 1252 pro
1028 1218 1117 1257 ὶιῦσ.
1145 1220 1401 1262 ur17c12lm7,A.

48 1271 74 1291 r.
105 1266 139 1292 et
167 1270 215 1301 pr.
242 1260 291 1291 Ω.
318 1271 348 1290 a.
377 1261 470 1300 quod
498 1259 601 1293 habet
627 1261 728 1293 etiam
762 1260 850 1316 Eusf
859 1261 888 1292 b.
917 1261 1042 1301 P1··1ep.

1077 1262 1138 1294 Ev.
1163 1263 1255 1297 Xiii.
1280 1266 1335 1299 19.

338 1306 591 1349 ἔμπροσθεν
615 1308 690 1348 μὲν
715 1310 794 1337 τῶν
818 1305 837 1337 οἱ
852 1306 932 1350 ὀό]
965 1308 1146 1350 ἔμπροσθε
1174 1311 1220 1342 Ω.
1249 1315 1284 1343 et
1308 1311 1401 1353 apud

761 1464 939 1496 venientes
966 1465 1055 1497 circa
1084 1470 1248 1498 aetatem.
1276 1468 1309 1498 A
1335 1477 1403 1507 quo

762 1510 793 1542 in
808 1509 1140 1545 fraudemseductus
1156 1512 1241 1544 Win
1252 1513 1298 1545 ck
1311 1515 1345 1544 el
1357 1524 1400 1545 in.

763 1557 869 1588 lenius
889 1555 1025 1589 corr.‹5‘
1052 1558 1094 1589 ἐν
1120 1561 1193 1593 τοῖς
1207 1558 1269 1589 οἰκ.
1299 1559 1401 1590 Utra—

759 1612 828 1643 que
865 1603 952 1634 ratio
986 1613 1047 1635 cur
1078 1603 1303 1646 improbanda
1344 1605 1402 1644 sit,

762 1648 969 1688 explicatius
1006 1649 1134 1682 docere
1172 1660 1237 1682 non
1266 1651 1401 1682 attinet.

761 1693 897 1725 iuvabit
939 1695 1077 1736 potius,
1122 1695 1221 1739 quid
1255 1696 1304 1727 rei
1345 1698 1402 1731 sir,

761 1740 880 1781 paucis
923 1741 1138 1782 exposuisse.
1194 1741 1317 1783 ltaque
1356 1743 1403 1772 οἱ·

761 1789 844 1816 κεῒοι
892 1785 947 1818 hic
997 1791 1167 1819 *ocantur
1198 1789 1403 1843 cognati.

762 1831 822 1862 Sic
850 1831 939 1864 Tim.
968 1844 999 1874 p.
1025 1833 1081 1867 20.
1111 1832 1156 1865 E:
1191 1846 1233 1873 ην
1257 1834 1318 1875 μὲν
1334 1829 1405 1888 (ἷοιν

763 1877 926 1913 οικεῖος
951 1891 1007 1909 και
1032 1878 1173 1921 σφόδρα
1199 1880 1297 1919 φίλος
1324 1878 1405 1921 ἡμῖν

763 1921 951 1964 Δρωπίδου
986 1928 1051 1956 τοῦ·
1083 1923 1319 1966 προπάππου,
1345 1938 1404 1956 κα-

767 1968 882 2009 θάπερ
917 1970 1005 2010 λέγει
1039 1971 1220 2010 πολλαχοῦ
1255 1970 1308 2001 καὶ
1342 1970 1406 2002 aii-

765 2012 827 2050 τὰς
860 2015 892 2045 ἐν
927 2018 970 2056 τῇ
1002 2015 1152 2056 ποιήσει.
1183 2017 1240 2048 ubi
1267 2015 1405 2051 Senot:

764 2060 920 2100 λέγονται
968 2059 1034 2103 γὰρ
1074 2062 1237 2093 οἰκεῖοι
1278 2062 1334 2091 καὶ
1372 2062 1407 2093 οἱ

765 2109 944 2147 συγγενεῖς.
986 2111 1021 2139 et
1061 2118 1140 2139 mox
1180 2119 1214 2149 p.
1249 2108 1328 2142 925.
1363 2109 1403 2140 D.

765 2151 1012 2192 Hesychius
1041 2164 1067 2185 s.
1096 2164 1126 2184 v.
1160 2154 1344 2185 οἰκεῖοι·
1370 2155 1406 2185 οἱ

764 2195 843 2228 κατ’
871 2198 1055 2240 ἐπιγαμίαν
1084 2197 1251 2240 ἅλλήλοις
1277 2199 1408 2243 προςή-

763 2254 903 2283 κοντες,
939 2244 994 2275 καὶ
1025 2245 1132 2286 ἴδιοι,
1173 2246 1229 2277 καὶ
1261 2246 1295 2276 οἱ
1326 2244 1404 2276 κατ’

762 2289 874 2320 οἰκίαν
897 2288 1033 2327 πάντες.
1085 2291 1205 2332 ltaque
1231 2296 1407 2323 commate

763 2339 843 2375 post
857 2335 1020 2377 Ξυγγενιῖιν
1034 2332 1058 2381 ᾗ
1078 2337 1216 2368 subiato
1238 2338 1405 2370 sententi-

763 2391 816 2412 am
832 2382 1015 2414 verborum
1036 2387 1183 2424 apparet
1203 2394 1280 2415 esse
1302 2383 1404 2416 hanc:

765 2427 829 2459 sin
863 2433 1006 2461 autem
1043 2429 1120 2467 iis,
1154 2430 1231 2470 qui
1261 2428 1308 2461 ad
1336 2429 1405 2461 ‹io-

765 2482 872 2505 mum
925 2473 964 2507 et
1013 2474 1229 2507 familiam
1275 2476 1404 2516 perti-

766 2523 882 2559 nent,
924 2522 1110 2562 penuria
1151 2521 1211 2552 sit
1243 2531 1405 2562 cogna-

765 2568 904 2598 torum
955 2576 1089 2607 usque
1150 2566 1200 2598 ad
1250 2567 1405 2599 fratris

766 2615 951 2653 nepotes
979 2613 1239 2654 pariterque
1264 2623 1403 2653 usque

764 2656 814 2689 ad
851 2658 923 2690 avi
956 2658 1162 2691 filiorum
1201 2664 1403 2701 nepotes,

763 2704 912 2744 puelia
967 2714 1061 2737 cum
1121 2705 1403 2738 tutoribus

762 2757 1064 2793 quemcunque
1128 2761 1176 2784 ex
1209 2752 1403 2791 ,ceteris

1435 623 1515 665 9⁵25
