1781 2971
154 149 236 190 DE
269 148 541 192 LEGIBUS
578 149 684 191 121ss
733 150 818 193 XI.
858 152 904 194 Ρ.
938 154 1031 195 029.
1066 154 1161 195 930.
1194 154 1256 196 St.
1305 156 1382 195 301

34 273 110 324 χίᾳ
156 267 396 324 χρώμενοι,
447 271 547 310 δεκα
583 270 663 321 μὲν
711 266 880 324 ἄνδρας
929 285 1017 310 των
1062 268 1387 328 νομοᾳι·λα’κων

36 338 344 390 ἐπιμελεῖσθαι
391 350 478 377 των
523 351 736 378 τοιουτων
773 334 839 377 αἐι
880 334 1021 390 χρεών
1066 336 1169 387 τοὺς
1213 340 1385 392 μέσοις,

37 405 139 445 δέκα
185 403 230 444 δὲ
279 403 365 443 τῶν
412 404 508 456 περὶ
554 401 723 456 γάμους
770 405 989 456 γυναικῶν
1032 401 1257 454 ωςαύτως·
1312 410 1382 448 και
1416 411 1500 451 930

36 468 116 511 ἐὰν
141 471 221 522 μὲν
247 468 299 520 δὴ
337 466 649 520 ξυναλλαττειν
687 467 917 518 δύνωνται,
955 467 1080 511 ταῦτ’
1112 475 1215 512 ἔστω
1239 470 1384 526 κύρια,

36 534 117 578 ἐὰν
152 535 191 579 δ’
235 540 282 578 αἱ
320 538 458 593 ψυχαὶ
495 540 735 591 κυμαίνωσι
770 536 979 588 μειζόνως
1025 535 1195 590 αὐτῶν,
1243 540 1386 590 ζητεῖν

37 602 149 645 κατὰ
198 602 387 658 δύναμιν
434 606 592 651 οἵτινες
642 606 830 657 ἑκατέρῳ
878 602 1226 654 ξυνοικήσουσιν.
1273 605 1387 655 εἰκὸς

38 672 84 712 δὲ
120 668 233 712 εἶναι
272 667 375 718 τοὺς
412 669 647 718 τοιούτους
681 669 742 723 μὴ
780 675 962 723 πραέσιν
1010 667 1143 720 ἤθεσι
1180 678 1384 727 κεκραμέ-

34 751 160 786 νους·
214 735 454 790 βαθύτερα
498 732 551 788 δή
596 735 772 784 τούτοις
816 737 887 777 καὶ
933 737 1159 792 πραότερα
1210 739 1388 793 τρόπων

33 803 134 855 ἤθη
169 803 366 857 ξυννομα
397 803 648 858 πειρᾶσθαι
683 803 1042 858 προςαρμόττειν.
1081 807 1153 847 καὶ
1181 802 1278 847 ὅσοι
1307 804 1388 860 μὲν

34 868 92 912 ἂν
126 868 312 920 ἄπαιδες
349 869 498 912 αὐτῶν
534 867 559 922 ἢ
598 867 877 921 ὀλιγόπαιδες
912 868 1036 920 ὄντες
1077 874 1388 929 ὃιαᾳὲρωνται,

34 939 106 980 καὶ
145 939 314 980 παίδων
350 941 475 979 ἕνεκα
512 935 594 988 τὴν
630 940 883 989 συνοίκησιν
919 940 1168 981 ποιεῖσθαι·
1203 937 1382 982 ὅσοι’ὁ’

127 1067 165 1101 Ρ.
191 1067 272 1101 930.
321 1065 501 1109 ἑκατέρῳ
542 1065 900 1110 ξυνοικήσουσιν]
942 1070 978 1099 Α.
1011 1066 1048 1102 Ω.
1078 1080 1109 1101 v.
1137 1069 1161 1100 f.
1188 1079 1214 1100 r.
1241 1079 1273 1102 a.
1302 1080 1329 1104 c.
1357 1069 1385 1104 δ.

35 1124 66 1145 0.
93 1114 214 1145 invitis
240 1113 356 1145 verbis
382 1114 674 1154 consequentibus
701 1114 938 1153 ξυνοίσουσιν,
968 1116 1063 1155 quod
1089 1118 1271 1147 revocavit
1298 1117 1384 1148 Her-

34 1169 193 1192 mannus.

124 1202 250 1246 ἤθεσι
287 1203 603 1245 κεκραμένους]
638 1204 866 1246 κεχρημέιουε
902 1205 940 1238 Ξ.
977 1217 1008 1237 v.
1037 1207 1058 1238 f
1086 1217 1112 1238 r
1141 1212 1174 1237 et
1206 1207 1384 1250 adscripto

34 1251 265 1292 κεκραμέιους
291 1254 329 1282 Α.
359 1248 397 1282 Ω.
424 1261 456 1282 x.
482 1261 512 1282 a
543 1260 572 1282 c.
600 1250 629 1282 δ.

32 1364 282 1402 ficiscitur,
321 1363 497 1404 aliquid
536 1364 586 1395 de
618 1364 672 1395 al-

32 1414 210 1441 terutra
235 1414 362 1451 parte
388 1410 590 1441 iudicare
618 1411 671 1441 vi-

32 1456 174 1487 detur.
246 1456 334 1488 Liv.
371 1456 448 1488 XL.
485 1455 540 1489 20.
585 1464 671 1487 tan-

32 1512 155 1543 quam
181 1502 347 1534 medios
380 1513 456 1533 nec
489 1503 533 1533 in
569 1504 672 1534 alte-

32 1549 126 1579 rius
177 1548 374 1580 favorem
425 1549 672 1580 inclinatos

31 1595 215 1625 miserat
241 1603 331 1625 rex.
360 1593 538 1626 Sueton.
569 1595 670 1626 Caes.

32 1650 59 1671 c.
78 1640 132 1674 75.
174 1640 291 1671 Idem
320 1640 484 1672 medius
512 1646 552 1671 et
576 1651 672 1672 neu-

32 1687 148 1717 trius
185 1687 339 1727 partis.
405 1685 539 1719 Neron.
573 1697 602 1717 c.
639 1687 671 1720 2.

31 1731 339 1764 Consultante
378 1738 523 1763 autem
557 1733 672 1764 Pom-

31 1779 134 1819 peio
161 1778 208 1809 de
234 1779 393 1810 mediis
412 1789 457 1810 ae
475 1784 671 1810 neutram

31 1829 196 1864 partem
222 1825 527 1865 sequentibus.
577 1826 671 1856 Add.

31 1870 249 1940 Drakwenb.
286 1871 331 1902 ad
366 1869 429 1901 Sil.
464 1871 543 1904 Ital.
575 1871 672 1904 XVl.

32 1916 223 1995 ν.Ρ2.2ἷ9.30.
273 1958 393 1992 εἰκὸς
418 1959 671 2001 δὲ’-κεκρα-

31 2006 206 2048 μένους]
234 2007 488 2039 verisimile
516 2013 580 2039 est
605 2018 673 2038 au-

32 2059 112 2084 tem
138 2053 361 2085 eiusmodi
380 2054 574 2086 homines
594 2054 671 2095 (qui

33 2100 66 2130 in
94 2100 241 2140 gratiam
269 2100 383 2130 redire
416 2100 553 2137 nolint)
589 2110 672 2131 non

32 2156 129 2177 esse
156 2145 331 2177 lenibus
357 2146 546 2177 moribus
576 2150 673 2177 tem—

31 2198 240 2233 peratos3
277 2192 488 2232 quocirca
513 2202 671 2223 conan-

19 2239 123 2269 -dum
149 2242 214 2269 est
239 2247 329 2268 cum
354 2239 412 2269 iis
442 2239 670 2270 consocia-

30 2294 73 2316 re
98 2284 330 2314 severiora
351 2288 391 2314 et
415 2285 594 2315 mitiora
612 2285 670 2314 in-

30 2330 158 2372 genia
201 2332 406 2369 tanquam
452 2331 670 2362 contuber—

31 2376 159 2406 nalia.
170 2375 239 2406 Pro
260 2375 488 2415 κεκραμένους
503 2377 583 2407 libri
599 2386 670 2407 non

31 2422 131 2462 pauci
165 2420 408 2462 κεχρημένους,
440 2423 534 2463 quod
569 2423 670 2453 resti-

31 2469 105 2498 tuit*
124 2467 411 2498 Hermannus.
438 2468 541 2499 Male.
579 2468 670 2500 Nam

32 2513 262 2554 κεκραμένους
288 2513 434 2550 dicitur,
471 2515 554 2554 quia
587 2524 668 2545 con-

30 2559 150 2601 iugum
187 2560 330 2600 ingenia
363 2564 397 2590 et
430 2570 545 2591 mores
579 2560 669 2591 iudi-

32 2611 155 2636 cantur
167 2611 335 2647 tanquam
348 2606 447 2636 mixti
461 2610 495 2636 et
506 2606 572 2637 rite
584 2611 669 2637 tem-

31 2652 144 2691 perati
169 2661 246 2684 esse
278 2651 416 2684 debere.
444 2669 484 2674 —
531 2647 666 2692 βαθύ-

35 2707 149 2737 τερα,
174 2698 208 2731 h.
241 2708 270 2729 e.
307 2698 604 2738 prudentiora
628 2702 669 2729 et

33 2743 256 2783 graviora3
287 2748 538 2785 gesetztere
563 2742 669 2775 Cha-

742 1363 939 1403 raktere;
967 1375 997 1398 v.
1025 1366 1068 1396 ad
1085 1364 1231 1397 Theaet.
1256 1366 1383 1407 p.183.

743 1409 783 1440 E.
817 1409 979 1441 Baehr.
1010 1412 1055 1442 ad
1087 1412 1263 1444 Plutarch.
1300 1413 1383 1444 Phi-

742 1455 892 1496 lopoem.
929 1467 962 1497 p.
999 1457 1052 1490 10.
1096 1458 1302 1491 Valesius
1338 1460 1384 1491 ad

744 1501 866 1543 Polyb.
895 1502 1060 1543 Excerpt.
1088 1503 1129 1534 T.
1150 1504 1228 1535 VII.
1251 1515 1282 1545 p.
1300 1505 1382 1538 601.

742 1551 775 1578 et
799 1548 1384 1589 Schweighaeus.adXXVII.

743 1593 797 1632 10,
814 1593 845 1626 3.
876 1595 985 1635 intpp.
1011 1596 1055 1626 ad
1083 1595 1300 1628 Herodot.
1320 1597 1384 1628 IV.

742 1639 797 1672 95.
833 1639 933 1671 Tom.
963 1641 1005 1671 V.
1039 1641 1132 1672 Part.
1158 1641 1205 1672 11.
1238 1653 1271 1683 p.
1302 1642 1384 1676 262.

741 1686 793 1716 ed.
809 1684 1010 1727 Schweigh.
1037 1687 1091 1718 De
1109 1689 1297 1728 iungendis
1312 1699 1384 1721 ma-

742 1733 909 1763 trimonio
938 1733 1000 1772 iis,
1029 1735 1088 1773 qui
1116 1735 1256 1766 diversa
1285 1736 1382 1775 inge·

742 1779 790 1809 nii
816 1779 934 1810 indole
959 1784 1121 1817 utantur,
1148 1791 1180 1813 v.
1210 1780 1306 1812 Libr.
1326 1781 1381 1812 Vl.

741 1835 772 1864 p.
793 1823 871 1858 773.
898 1823 936 1858 C.
952 1824 996 1856 D.
1026 1830 1059 1857 et
1086 1825 1224 1858 Politic.
1250 1838 1282 1868 p.
1303 1827 1383 1861 310.

742 1869 780 1900 C.
810 1881 885 1912 sqq.

781 1917 847 1946 καὶ
910 1914 1073 1947 παίδων
1127 1916 1251 1948 ἕνεκα
1310 1915 1383 1956 τήν

743 1962 1027 2003 συνοίκησιν]
1058 1963 1102 1993 Η.
1129 1972 1156 1993 e.
1180 1968 1217 1993 ut
1238 1969 1382 2004 postero

742 2012 899 2048 tempore
925 2008 1056 2039 liberos
1081 2014 1279 2049 procreent.
1312 2009 1382 2041 Pro

743 2053 803 2095 τὴν
829 2056 1032 2095 συνοίκησιν
1060 2054 1382 2086 VVinckelman-

741 2110 825 2131 nus
861 2098 982 2142 καινὴν
1013 2103 1232 2142 συνοίκησιν,
1260 2100 1381 2132 Orel-

740 2146 826 2177 lius
852 2152 966 2178 autem
995 2144 1095 2186 ἄλλην
1111 2148 1378 2188 συνοίκησινῐθ-

740 2194 891 2233 gendum
916 2194 1117 2226 arbitratur.
1167 2192 1272 2230 Quod
1298 2205 1380 2225 eon-

739 2239 856 2270 silium
881 2240 984 2271 nobis
1012 2240 1152 2280 quidem
1178 2240 1380 2280 neutiquam

740 2285 918 2325 probatur.
969 2284 1058 2316 Nam
1085 2282 1144 2326 τὴν
1178 2287 1380 2326 συνοίκησιν

740 2336 808 2362 est:
841 2342 952 2370 eam,
992 2341 1112 2372 quam
1144 2331 1257 2370 dixi,
1285 2341 1379 2362 eon-

739 2377 1024 2408 iunctionem.
1095 2377 1245 2408 Dixerat
1287 2378 1379 2409 enim

740 2424 856 2464 paullo
891 2429 989 2454 ante:
1021 2423 1128 2463 ζηιεὶν
1165 2420 1248 2453 κατὰ
1276 2420 1379 2454 δύνα-

739 2480 795 2507 μιν
821 2469 945 2500 οἵτινες
974 2467 1120 2510 ἑκατέρῳ
1147 2466 1377 2510 ξυνοικήσου-

738 2524 803 2545 σιν.
854 2514 924 2546 Sed
970 2514 1062 2544 liuno
1106 2515 1219 2555 ipsum
1263 2515 1381 2547 locum

737 2561 804 2591 viri
853 2561 947 2592 docti
996 2561 1077 2591 item
1131 2561 1375 2592 sollicitarunt.

736 2606 1128 2638 Winckelmannus
1156 2607 1268 2646 enim,
1293 2617 1375 2648 pro-

736 2657 812 2692 pter
847 2653 1074 2694 depravatam
1107 2652 1265 2684 codicum
1290 2663 1393 2694 quo·⁴
1437 2673 1443 2678 -

735 2698 883 2729 rundam
906 2698 1114 2738 scripturam
1140 2697 1372 2737 ξυνοίσουσιν,

735 2744 784 2775 ibi
818 2744 1004 2785 legendum
1037 2745 1172 2776 censuit
1203 2742 1376 2786 ξυνᾴσου-
