1781 2971
719 603 810 645 DE

170 686 1340 753 EPHNOMIDIS

453 791 580 831 vum«)
612 790 782 832 PLAToM
813 789 1069 830 Anscnwmr,

501 874 596 915 FIDE
625 875 678 915 ΕΤ
694 874 1015 938 *AUCTORITATR

97 1009 197 1088 aui
248 1042 511 1099 amplissimo
554 1042 722 1098 Legum
764 1040 1087 1082 Platonicarum
1136 1040 1255 1094 operi
1309 1039 1440 1096 vulgo

97 1100 378 1155 subiungitur
408 1099 616 1155 parvulus
646 1097 833 1151 libellus,
865 1095 1138 1153 Epinomidis
1170 1096 1342 1137 nomine
1377 1097 1440 1137 in-

97 1157 299 1211 scriptus,
330 1158 367 1198 is
398 1156 481 1197 etsi
510 1162 622 1198 teste
654 1155 918 1211 Diogene
948 1153 1177 1196 Laertio
1209 1154 1327 1196 Libr.
1354 1153 1440 1195 ΠΙ.

97 1216 165 1257 37.
198 1219 241 1255 et
271 1212 446 1256 Suida
477 1228 510 1255 s.
544 1229 583 1254 v.
618 1213 874 1269 φιλόσοφος
903 1212 986 1252 iam
1026 1211 1206 1265 antiqua
1246 1217 1387 1252 aetate
1418 1226 1442 1251 a

96 1270 261 1313 criticis
295 1269 557 1325 quibusdam
587 1275 635 1310 ut
665 1268 718 1310 de
750 1268 919 1324 origine
965 1283 1043 1309 sua
1086 1274 1315 1323 suspectus
1355 1283 1441 1309 non

95 1327 269 1369 Platoni
310 1327 389 1369 sed
431 1327 637 1382 Philippo
672 1325 891 1382 Opuntio,
925 1325 1120 1367 Platonis
1160 1324 1330 1366 cuidam
1378 1325 1441 1366 di-

96 1384 281 1439 scipulo,
313 1384 559 1439 adscriptus
591 1389 720 1438 atque
752 1384 880 1424 etiam
919 1381 1247 1433 recentioribus
1276 1388 1442 1437 tempo-

95 1442 216 1483 ribus
257 1441 309 1482 ab
350 1441 597 1482 hominibus
641 1440 925 1493 doctissimis,
955 1439 1145 1481 Franc.
1192 1438 1441 1480 Patritio

96 1499 296 1540 Discuss.
337 1498 530 1553 Peripat.
574 1513 617 1552 p.
650 1499 746 1539 225.
787 1503 830 1538 et
871 1512 914 1552 p.
955 1498 1052 1538 251.
1095 1494 1150 1538 G.
1198 1494 1442 1537 Salierio

96 1556 212 1598 Hist.
244 1554 384 1596 Acad.
416 1554 619 1610 Inscript.
652 1554 790 1596 Paris.
815 1554 865 1595 T.
894 1553 981 1594 ΙΙΙ.
1015 1555 1166 1608 p.145.
1190 1567 1285 1607 sqq.
1305 1554 1442 1608 Aug.

97 1611 394 1654 Boeckhio
427 1610 592 1653 Comm.
624 1612 669 1652 in
692 1612 890 1653 Minoem
913 1610 1024 1652 Plat.
1056 1626 1096 1665 p.
1119 1612 1185 1651 74.
1218 1625 1329 1664 sqq.‚
1361 1610 1442 1651 Fr.

98 1670 267 1711 Astio
294 1669 364 1711 De
396 1669 504 1710 Vita
533 1675 577 1710 et
608 1667 795 1723 Scriptis
828 1668 999 1709 Platon.
1036 1683 1077 1722 p.
1109 1668 1204 1709 393.
1236 1666 1317 1708 Fr.
1350 1665 1442 1709 So-

98 1726 279 1768 chero‘
306 1726 376 1768 De
408 1725 569 1781 Script.
613 1726 726 1767 Plat.
773 1741 813 1781 p.
846 1726 967 1778 452„
1012 1722 1135 1766 Car.
1178 1724 1264 1766 Fr.
1311 1724 1443 1765 Her-

98 1798 290 1825 manno
329 1783 447 1825 Hist.
485 1782 647 1825 Philos.
688 1783 799 1824 Plat.
845 1782 946 1824 Vol.
979 1781 1014 1821 I.
1057 1797 1099 1837 p.
1131 1783 1228 1823 422.
1268 1781 1362 1822 coll.
1400 1797 1442 1836 p.

98 1841 196 1882 589.
228 1839 499 1881 Eduardo
527 1840 751 1881 Zellero
785 1838 910 1881 Stud.
939 1838 1047 1879 Plat.
1079 1854 1120 1893 p.
1145 1840 1237 1880 135.
1263 1845 1307 1879 et
1327 1838 1443 1880 Hist.

100 1896 267 1938 Philos.
301 1896 403 1939 Vol.
430 1896 491 1939 II.
514 1912 556 1951 p.
588 1898 685 1938 694.
717 1895 784 1937 ed.
813 1896 868 1949 2.,
902 1895 1012 1947 aliis,
1044 1894 1239 1936 Platonis
1269 1895 1445 1951 ingenio

100 1952 307 2009 indignus
366 1952 586 1995 iudicatus
633 1959 719 2003 est3
778 1958 923 1993 tamen
972 1966 1068 1992 rara
1117 1951 1292 1992 fortuna
1351 1966 1444 1992 eam

101 2017 316 2065 perpetuo
357 2010 546 2052 obtinuit
585 2009 910 2062 auctoritatem,
956 2014 1004 2049 ut
1043 2023 1128 2049 non
1158 2007 1287 2049 modo
1328 2007 1444 2061 olim,

101 2067 311 2124 neglectis
340 2066 430 2108 fere
472 2081 582 2121 quae
615 2066 668 2107 de
695 2080 745 2108 eo
776 2066 915 2107 iactae
957 2071 1105 2107 essent
1140 2065 1263 2106 malis
1301 2065 1446 2121 vsuspi-

101 2124 323 2177 cionibus‚
355 2139 521 2180 semper
551 2138 630 2179 pro
671 2122 834 2178 scripto
866 2122 1093 2164 Platonico
1135 2121 1344 2176 probatus
1376 2122 1446 2175 sit⁷

103 2181 182 2223 sed
229 2182 358 2223 etiam
397 2187 573 2237 postera
615 2185 756 2221 aetate
803 2180 1010 2236 plurimos
1052 2179 1264 2220 invenerit
1302 2185 1446 2234 patro-

102 2253 182 2279 nos
223 2244 265 2279 et
302 2237 487 2292 amicos,
538 2237 612 2292 qui
658 2236 880 2279 doctrinae
922 2236 1077 2292 opibus
1122 2237 1166 2276 in
1207 2250 1256 2277 eo
1296 2251 1448 2277 recon-

104 2293 207 2336 ditis
248 2295 341 2336 sine
378 2294 466 2336 ulla
505 2294 775 2337 dubitatione
814 2300 1034 2347 tamquam
1075 2292 1312 2334 Platonicis
1354 2298 1447 2334 ute-

104 2357 256 2392 rentur
312 2350 508 2405 adeoque
565 2352 706 2408 ipsum
772 2366 937 2392 summo
1002 2348 1260 2405 philosopho
1324 2350 1448 2404 quasi

104 2408 198 2449 iure
239 2407 575 2463 repetundarum
614 2407 835 2450 vindicare
876 2405 1116 2449 studerent.
1185 2406 1357 2448 Etenim
1396 2406 1448 2447 de

106 2464 377 2519 antiquitatis
409 2464 581 2518 quidem
603 2465 903 2521 scriptoribus,
938 2463 1011 2517 qui
1033 2462 1306 2518 Epinomidis
1333 2478 1448 2504 men-

105 2522 267 2563 tionem
308 2521 529 2575 fecemnt,
570 2522 606 2563 si
648 2522 896 2576 quaeritur,
938 2520 1005 2561 usi
1046 2525 1146 2561 sunt
1189 2520 1279 2561 eius
1311 2521 1449 2576 copiis

106 2579 234 2621 nullis
252 2578 425 2620 iniectis
449 2578 501 2620 de
523 2578 616 2620 eius
636 2579 895 2620 auctoritate
915 2576 1256 2620 dubitationibus
1280 2584 1450 2637 praeter

107 2635 214 2678 alios
264 2635 464 2678 Cicero
513 2635 582 2676 De
634 2633 807 2677 Orator.
856 2635 941 2676 ΙΙΙ.
985 2636 1022 2674 (5.
1064 2633 1120 2675 in.
1164 2634 1448 2679 Eusebius

108 2691 262 2749 Praep.
293 2692 374 2734 Ev.
406 2707 446 2747 p.
480 2693 576 2733 472.
610 2693 664 2733 A.
696 2694 792 2733 471.
826 2692 882 2734 D.
916 2693 1010 2733 534.
1052 2690 1102 2733 B.
1135 2692 1228 2735 640.
1271 2693 1320 2738 C.
1355 2693 1448 2733 702.
