1781 2971
282 156 363 196 518
579 149 888 192 INCERTI
934 149 1315 192 AUCTORIS

284 268 462 312 ὑδάτων
499 267 798 322 ἀπόπροσθεν
836 267 904 310 ἀεὶ
945 269 1023 311 τοῦ
1060 266 1227 321 κόσμου
1273 271 1630 322 κατῳκισμένους.

285 336 402 380 ὅθεν
428 338 498 379 καὶ
538 334 788 389 πανταχόσε
818 339 886 377 καὶ
927 334 1042 389 δεῦρ’
1084 334 1242 386 ἐξήκει,
1279 336 1630 389 βεβασανισμενα

283 405 432 459 χρόνῳ
476 410 667 457 μυριετεῖ
703 418 748 444 τε
783 405 855 444 καὶ
899 401 1082 455 ἀπείρῳ.
1126 402 1193 444 διὸ
1243 400 1515 458 θαρροῦντα
1548 401 1630 456 χρὴ

287 473 429 514 ταῦτα
468 475 527 520 εὶς
564 468 728 523 νόμους
763 471 961 511 ὕεσθαι·
1002 468 1050 511 τὸ
1086 468 1171 523 γὰρ
1196 470 1256 523 μή
1296 476 1416 522 τίμια
1444 468 1496 509 τα
1526 474 1632 510 ι’)εῖα

288 538 411 585 εἶναι,
448 537 502 580 τὰ
540 539 584 579 δὲ
622 541 743 591 τίμια
781 539 933 593 σαφῶς
971 535 1050 579 οὐκ
1084 537 1330 593 ἐμφρόνων.
1368 535 1436 578 ὅτι
1472 537 1516 577 ὸὲ
1553 533 1633 577 οὐκ

288 604 489 659 ὀνόματα
524 607 687 658 ἔσχηκε,
728 603 806 654 τήν
835 621 879 657 γε
917 607 1063 646 αἰτίαν
1089 602 1173 657 χρὴ
1211 605 1417 656 λέγεσθαι
1453 602 1633 652 ταύτην.

285 672 399 715 ἀλλὰ
434 671 520 726 γὰρ
558 674 808 723 ἐπωνυμίαν
843 671 1044 727 «εἰλήφασι
1085 672 1219 712 θεῶν.
1260 669 1282 712 ὁ
1311 675 1389 724 μὲν
1425 669 1510 723 γάρ
1539 673 1635 717 ἑως-

382 802 455 832 ιυί·
499 799 663 840 κόσμου
707 801 1075 843 κατῳκισμένους]
1116 800 1341 842 κεκτημένους
1373 802 1417 832 Α.
1457 797 1494 830 Ω.
1530 799 1633 830 Voss.

290 848 385 880 Flor.
411 858 442 880 a.
470 858 498 878 c.
527 858 558 878 ο.
585 845 613 878 δ.
642 847 768 888 Angel.

381 890 634 935 θαῤῥοῦνῐα
659 891 755 934 χρὴ]
785 893 887 934 Vulg.
915 888 1159 933 θαᾷῥοῦντας
1184 893 1305 923 invitis
1333 892 1429 923 libris
1459 893 1502 922 A.
1534 888 1571 920 Ω.
1596 891 1634 922 Ξ.

292 941 398 972 Voss.
422 940 518 973 Flor.
544 950 574 972 a.
602 951 630 971 c.
657 939 685 970 δ.
713 950 742 969 ο.
772 940 863 980 Aug.
890 946 923 970 et
951 939 1028 970 Vat.
1056 949 1083 969 r.

386 984 428 1017 τὰ
465 985 508 1016 δὲ
546 987 678 1026 τίμια]
718 982 754 1016 τὰ
788 984 823 1015 δὲ
861 990 945 1024 τίμια
985 987 1028 1016 A.
1059 982 1096 1015 Ω.
1124 984 1161 1016 Ξ.
1190 984 1291 1014 Voss.
1324 994 1356 1013 x.
1384 993 1409 1013 r.
1437 992 1467 1013 a.
1493 992 1520 1012 c.
1549 979 1577 1012 δ.
1606 992 1635 1011 o.

293 1033 494 1064 Verissime.
522 1032 695 1063 Nimirum
722 1036 802 1063 aute
827 1029 871 1072 μὴ
898 1032 984 1069 τίμια
1009 1031 1175 1061 reticetur
1196 1028 1233 1059 ιὰ
1252 1029 1322 1068 μέν,
1349 1030 1390 1059 de
1416 1038 1483 1069 qua
1501 1028 1637 1058 ratione

292 1079 460 1120 loquendi
489 1079 541 1109 bis
573 1078 640 1108 iam
675 1088 779 1118 supra
811 1079 1068 1109 admonuimus.
1095 1076 1204 1107 Editt.
1233 1086 1353 1106 omnes
1390 1075 1635 1106 invitiscodd.

293 1126 373 1156 θεῖα
399 1120 483 1155 εἶναι
513 1121 531 1165 ἢ
559 1122 634 1154 τάδε
658 1122 703 1164 μὴ
731 1124 817 1153 θεῖα.

385 1170 425 1204 Β,
475 1168 725 1209 ἐπωνυμίαν
751 1168 954 1210 εἰλήφασι
982 1167 1116 1208 θεῶν]
1144 1167 1197 1198 Ita
1223 1167 1325 1198 codd.
1353 1176 1489 1202 omnes;
1516 1164 1636 1206 Steph.

293 1284 408 1324 emplo
446 1283 596 1323 intelligi
645 1284 745 1322 lieet,
794 1283 933 1313 illorum

294 1329 502 1361 lectionibus
546 1339 617 1360 nou
661 1331 735 1361 sine
773 1329 934 1361 cautione

294 1376 461 1407 utendum
492 1386 580 1407 esse.

343 1419 451 1453 ὅθεν
495 1423 559 1453 καὶ
602 1418 843 1461 πανταχόσε
874 1418 934 1460 —]

296 1469 388 1500 unde
425 1478 529 1509 quum
562 1468 729 1499 aliorsum
764 1472 834 1497 tum
870 1465 936 1496 huc

295 1516 455 1546 exierunt
491 1515 694 1554 (divulgata
736 1513 843 1552 sunt)
879 1522 936 1543 ex-

296 1562 435 1603 plorata
484 1558 936 1592 innumerabilibus

298 1607 510 1646 saeculis,
539 1613 575 1637 ut
600 1607 755 1648 loquitur
780 1605 936 1636 Cicero

298 1654 353 1686 De
378 1654 524 1684 divinat.
554 1654 572 1683 l.
601 1664 630 1687 c,

346 1695 425 1730 οὐκ
458 1697 711 1739 ἐμφρόνων]
740 1697 807 1729 lut.
834 1694 935 1727 ἐστίν.

299 1745 413 1784 Quam
444 1745 582 1785 ellipsin
616 1744 753 1775 abunde
785 1742 934 1773 illustra-

299 1794 411 1823 vimus
443 1792 487 1822 ad
521 1791 629 1830 Legg.
658 1789 703 1820 X.
730 1799 761 1829 p.
787 1784 864 1822 909.
892 1787 932 1819 E.

344 1838 384 1868 B.
418 1835 490 1877 χρὴ
517 1835 719 1876 λέγεσθαι
747 1831 935 1874 tantuin]

299 1894 403 1926 quam
428 1884 533 1919 modo
562 1882 843 1913 memoravimus.

347 1927 443 1961 ἀλλὰ
480 1927 555 1970 γάρ
600 1926 846 1965 ἐπωνυμίαν
884 1924 935 1955 εἰ·

299 1975 416 2017 Argum]
450 1983 491 2006 at
524 1976 630 2005 enim
670 1973 938 2013 cognomina

299 2026 561 2063 acceperunt
611 2022 809 2057 deorum,
858 2019 939 2049 licet

299 2070 474 2101 interdum
501 2067 700 2098 nominibus
727 2066 912 2096 caruerint.

346 2111 535 2152 ἕσπερός
570 2124 608 2144 ιε
644 2109 698 2142 ὦν
734 2107 864 2142 αὐτὸς
889 2106 935 2140 Ἀ-

302 2159 514 2201 φροδίτης
538 2159 602 2200 ——]
631 2157 787 2189 Cicero
815 2156 867 2187 De
893 2156 936 2187 N.

301 2207 346 2238 D.
383 2207 422 2238 ll.
456 2205 518 2239 20,
551 2205 611 2237 53.
648 2204 825 2235 Infima
867 2209 939 2232 est

302 2254 497 2295 quinque
547 2251 785 2282 errantium
838 2249 938 2279 stel-

302 2301 437 2331 larum
472 2304 706 2337 terraeque
742 2295 939 2336 proxima

303 2346 436 2377 stella
486 2344 689 2382 Veneris,
747 2338 940 2381 φωςφόρος

302 2392 485 2427 Graece;
533 2388 748 2428 Lucifer
785 2387 939 2418 Latine

303 2438 489 2475 dicitur,
522 2446 643 2476 quum
689 2433 937 2474 antegredi-

303 2490 369 2514 tur
407 2482 569 2520 Solem,
615 2491 740 2521 quum
788 2479 938 2510 subse—

304 2530 453 2569 quitur
501 2533 640 2560 autem
686 2525 937 2569 Hesperus.

302 2575 501 2605 Luciferum
547 2579 580 2604 et
627 2573 819 2612 Hesperum
865 2580 939 2601 esse

304 2621 439 2652 stellam
465 2621 629 2658 eandem,
663 2619 796 2659 primus
822 2616 938 2647 obser-

305 2677 405 2698 vasse
436 2672 597 2697 narratur
632 2664 851 2705 Pythagoras
886 2661 937 2691 vel

305 2713 546 2745 Parmenides:
576 2723 604 2742 v.
636 2711 725 2741 Pliu.
755 2709 797 2741 N.
826 2709 868 2740 H.
899 2708 937 2739 ΙΙ.

305 2759 337 2791 8.
370 2758 492 2797 Diog.
528 2759 668 2789 baert.
706 2757 790 2791 vm,
824 2754 875 2787 14.
905 2760 935 2784 et

1001 1280 1064 1311 IX.
1095 1280 1150 1313 ⁶23.
1185 1281 1332 1312 Ariston.
1367 1278 1448 1309 Eth.
1475 1277 1552 1309 Nic.
1584 1276 1638 1308 Vl.

1002 1329 1032 1360 1.
1060 1326 1118 1357 10.
1145 1326 1294 1367 Lydus
1329 1325 1383 1356 De
1416 1334 1523 1356 mens.
1552 1322 1639 1355 vlu.

1001 1372 1057 1407 24.
1086 1371 1236 1410 Quidam
1261 1378 1376 1403 tamen
1405 1381 1478 1402 eam
1504 1369 1638 1401 stellam

1002 1420 1190 1450 voluerunt
1226 1429 1301 1450 esse
1345 1417 1507 1455 Iunonis,
1552 1425 1639 1446 non-

1003 1466 1090 1496 nulli
1126 1466 1230 1496 etiam
1265 1464 1370 1496 Isidis
1403 1469 1463 1494 aut
1488 1462 1640 1502 Magnae

1004 1512 1124 1543 matris
1152 1511 1283 1548 Deum;
1309 1511 1351 1541 de
1378 1510 1503 1550 quibus
1527 1509 1638 1549 opini-

1006 1557 1132 1589 onibus
1167 1569 1198 1588 v.
1241 1557 1350 1589 Plin.
1386 1557 1407 1587 l.
1441 1566 1468 1586 e.
1505 1555 1638 1585 Arist.

1005 1604 1058 1635 De
1080 1605 1210 1635 mundo
1233 1603 1316 1645 Cap.
1336 1603 1377 1635 ΙΙ.
1393 1601 1516 1644 9465.
1533 1602 1640 1641 Apu-

1005 1651 1121 1681 leius
1157 1650 1211 1680 De
1246 1649 1376 1681 mundo
1409 1656 1441 1689 p'.
1476 1646 1555 1680 293.
1587 1647 1640 1678 ed.

1005 1695 1164 1727 Oudend.
1191 1694 1384 1732 Quintus
1420 1693 1640 1733 Phospho-

1004 1751 1075 1772 rus
1106 1742 1312 1779 Iunonia,
1345 1741 1428 1772 imo
1456 1739 1640 1769 Veneris

1003 1787 1139 1818 stella
1167 1792 1382 1818 censetur.
1402 1804 1445 1809 —
1466 1785 1550 1824 ἔχει
1578 1783 1639 1815 λό-

1005 1844 1095 1875 γον.
1132 1834 1295 1864 rationi
1334 1837 1641 1864 cousentante-

1005 1891 1066 1911 um
1100 1884 1173 1910 est.
1218 1880 1283 1910 Est
1316 1880 1407 1910 enim
1444 1878 1544 1909 stella
1569 1877 1641 1918 pul-

1005 1935 1161 1957 cerrima.

1054 1972 1116 2002 καὶ
1152 1968 1256 2009 μάλα
1282 1969 1425 2012 Συρίῳ
1456 1966 1641 2007 νομοθέ-

1007 2029 1049 2057 τῃ
1077 2016 1257 2058 πρέπον]
1293 2017 1333 2047 id
1361 2016 1471 2057 quod
1506 2015 1641 2046 admo·

1007 2066 1097 2095 dum
1125 2064 1248 2094 decet
1268 2063 1438 2103 Syrium
1468 2061 1641 2099 legisla-

1008 2116 1152 2141 torem.
1202 2109 1291 2140 Nam
1319 2107 1450 2147 πρέπον
1474 2114 1527 2138 est.
1551 2107 1641 2136 idem

1007 2156 1101 2197 quod
1128 2154 1318 2194 πρέποντος
1333 2150 1461 2187 adron.-
1487 2163 1516 2183 v.
1540 2151 1637 2182 Mat-

1007 2202 1123 2233 thiae
1151 2200 1212 2232 Grr.
1240 2200 1268 2241 ξ.
1295 2200 1378 2233 568.
1431 2199 1499 2229 Pro
1538 2207 1639 2235 νομο-

1007 2248 1091 2286 θέτῃ
1123 2258 1164 2277 ne
1199 2247 1275 2286 quis
1316 2256 1390 2276 eum
1426 2245 1554 2276 Astio
1590 2253 1641 2273 re-

1006 2294 1122 2334 quirat
1148 2288 1400 2330 ὀιὌμαῐοθὲιῃ,
1429 2302 1459 2320 v.
1486 2291 1530 2321 ad
1558 2288 1641 2320 Cra-

1006 2340 1064 2379 tyl.
1094 2349 1125 2378 p.
1151 2337 1229 2371 388.
1258 2337 1299 2368 E.
1334 2345 1367 2368 et
1392 2336 1468 2370 389.
1504 2336 1547 2369 D.
1584 2335 1642 2365 Vi-

1005 2385 1079 2425 guit
1104 2390 1216 2415 autem
1245 2383 1356 2415 cultus
1386 2384 1527 2414 leueris
1553 2383 1644 2412 inter

1006 2431 1153 2471 populos
1199 2429 1370 2468 Orientis,
1413 2428 1642 2469 Babylonios,

1006 2477 1191 2516 Assyrios,
1222 2476 1445 2514 Phoenicius,
1474 2474 1641 2514 Aegypti-

1006 2533 1058 2561 os,
1084 2523 1173 2553 alios
1201 2523 1267 2553 iam
1295 2523 1374 2553 iude
1400 2522 1442 2552 ab
1473 2520 1641 2559 antiquis-

1005 2570 1112 2600 simus
1146 2569 1360 2609 temporibus
1387 2568 1552 2602 maxime.
1578 2565 1642 2595 ibi-

1005 2625 1070 2655 que
1084 2625 1124 2646 οε.
1140 2615 1244 2646 variis
1263 2614 1474 2651 nominibus,
1488 2614 1642 2649 Astarte,

1006 2661 1162 2701 Melitta,
1192 2661 1314 2699 Alina,
1342 2660 1511 2696 Derceto,
1541 2659 1641 2688 Ater-

1006 2708 1108 2746 gatis,
1128 2708 1172 2738 al.
1188 2707 1361 2747 appellata
1378 2710 1437 2737 est.
1459 2715 1489 2734 v.
1511 2703 1640 2734 Hero-

1005 2754 1091 2784 «iot.
1130 2753 1155 2786 I.
1186 2752 1260 2787 105.
1288 2753 1461 2784 Lucian.
1497 2750 1547 2781 De
1577 2750 1643 2780 (lea
