<?xml version="1.0" encoding="UTF-8"?>
<!DOCTYPE html PUBLIC "-//W3C//DTD XHTML 1.0 Transitional//EN"
    "http://www.w3.org/TR/xhtml1/DTD/xhtml1-transitional.dtd">
<html xmlns="http://www.w3.org/1999/xhtml" xml:lang="en" lang="en">
 <head>
  <title>
</title>
<meta http-equiv="Content-Type" content="text/html;charset=utf-8" />
  <meta name='ocr-system' content='tesseract 3.04.00' />
  <meta name='ocr-capabilities' content='ocr_page ocr_carea ocr_par ocr_line ocrx_word'/>
</head>
<body>
  <div class='ocr_page' id='page_1' title='image "./n3operaomniarecens10platuoft/n3operaomniarecens10platuoft_0211.png"; bbox 0 0 1781 2971; ppageno 0'>
   <div class='ocr_carea' id='block_1_1' title="bbox 272 106 1215 152">
    <p class='ocr_par' dir='ltr' id='par_1_1' title="bbox 272 106 1215 152">
     <span class='ocr_line' id='line_1_1' title="bbox 272 106 1215 152; baseline -0.004 0"><span class='ocrx_word' id='word_1_1' title='bbox 272 110 355 152; x_wconf 82' lang='lat' dir='ltr'><strong>DE</strong></span> <span class='ocrx_word' id='word_1_2' title='bbox 391 108 666 152; x_wconf 67' lang='lat' dir='ltr'>LEGIBUS</span> <span class='ocrx_word' id='word_1_3' title='bbox 703 108 817 149; x_wconf 76' lang='lat' dir='ltr'><strong>Llss.</strong></span> <span class='ocrx_word' id='word_1_4' title='bbox 856 108 909 148; x_wconf 79' lang='grc' dir='ltr'><strong>Χ.</strong></span> <span class='ocrx_word' id='word_1_5' title='bbox 947 107 989 146; x_wconf 82' lang='lat'><strong>1‘.</strong></span> <span class='ocrx_word' id='word_1_6' title='bbox 1025 107 1119 145; x_wconf 62' lang='lat'><strong>5³03.</strong></span> <span class='ocrx_word' id='word_1_7' title='bbox 1153 106 1215 148; x_wconf 74' lang='lat' dir='ltr'><strong>St.</strong></span> 
     </span>
    </p>
   </div>
   <div class='ocr_carea' id='block_1_2' title="bbox 1342 106 1420 145">
    <p class='ocr_par' dir='ltr' id='par_1_2' title="bbox 1342 106 1420 145">
     <span class='ocr_line' id='line_1_2' title="bbox 1342 106 1420 145; baseline 0 0"><span class='ocrx_word' id='word_1_8' title='bbox 1342 106 1420 145; x_wconf 70' lang='lat'><strong>2⁰7</strong></span> 
     </span>
    </p>
   </div>
   <div class='ocr_carea' id='block_1_3' title="bbox 68 222 1422 352">
    <p class='ocr_par' dir='ltr' id='par_1_3' title="bbox 68 222 1422 352">
     <span class='ocr_line' id='line_1_3' title="bbox 171 222 1422 281; baseline -0.008 -9"><span class='ocrx_word' id='word_1_9' title='bbox 171 229 271 271; x_wconf 81' lang='grc' dir='ltr'><strong>ΛΘ.</strong></span> <span class='ocrx_word' id='word_1_10' title='bbox 341 229 570 281; x_wconf 81' lang='grc' dir='ltr'><em>Δοκοῦμεν</em></span> <span class='ocrx_word' id='word_1_11' title='bbox 609 229 652 269; x_wconf 80' lang='grc' dir='ltr'><strong>ὸε</strong></span> <span class='ocrx_word' id='word_1_12' title='bbox 687 243 761 280; x_wconf 83' lang='grc' dir='ltr'><strong>μοι</strong></span> <span class='ocrx_word' id='word_1_13' title='bbox 789 226 870 267; x_wconf 77' lang='grc' dir='ltr'><strong>νῦν</strong></span> <span class='ocrx_word' id='word_1_14' title='bbox 900 222 982 277; x_wconf 77' lang='grc' dir='ltr'><strong>ἤδη</strong></span> <span class='ocrx_word' id='word_1_15' title='bbox 1016 222 1204 279; x_wconf 70' lang='grc' dir='ltr'><strong><em>μάλιστα</em></strong></span> <span class='ocrx_word' id='word_1_16' title='bbox 1240 226 1422 277; x_wconf 75' lang='grc' dir='ltr'><em>μετρίως</em></span> 
     </span>
     <span class='ocr_line' id='line_1_4' title="bbox 68 290 1318 352; baseline -0.006 -14"><span class='ocrx_word' id='word_1_17' title='bbox 68 297 309 350; x_wconf 77' lang='grc' dir='ltr'><strong><em>διειλέχθαι</em></strong></span> <span class='ocrx_word' id='word_1_18' title='bbox 350 296 410 349; x_wconf 79' lang='grc' dir='ltr'><strong>τῷ</strong></span> <span class='ocrx_word' id='word_1_19' title='bbox 447 297 654 352; x_wconf 74' lang='grc' dir='ltr'><strong><em>φιλαιτίῳ</em></strong></span> <span class='ocrx_word' id='word_1_20' title='bbox 691 295 770 345; x_wconf 85' lang='grc' dir='ltr'><strong>τῆς</strong></span> <span class='ocrx_word' id='word_1_21' title='bbox 805 290 1011 346; x_wconf 76' lang='grc' dir='ltr'><em>ἀμελείας</em></span> <span class='ocrx_word' id='word_1_22' title='bbox 1049 294 1145 345; x_wconf 77' lang='grc' dir='ltr'><strong><em>πὲρι</em></strong></span> <span class='ocrx_word' id='word_1_23' title='bbox 1181 290 1318 331; x_wconf 77' lang='grc' dir='ltr'><em>θεῶν.</em></span> 
     </span>
    </p>
   </div>
   <div class='ocr_carea' id='block_1_4' title="bbox 173 390 276 432">
    <p class='ocr_par' dir='ltr' id='par_1_4' title="bbox 173 390 276 432">
     <span class='ocr_line' id='line_1_5' title="bbox 173 390 276 432; baseline 0 0"><span class='ocrx_word' id='word_1_24' title='bbox 173 390 276 432; x_wconf 87' lang='grc' dir='ltr'><strong>ΚΛ.</strong></span> 
     </span>
    </p>
   </div>
   <div class='ocr_carea' id='block_1_5' title="bbox 348 391 453 432">
    <p class='ocr_par' dir='ltr' id='par_1_5' title="bbox 348 391 453 432">
     <span class='ocr_line' id='line_1_6' title="bbox 348 391 453 432; baseline -0.01 -1"><span class='ocrx_word' id='word_1_25' title='bbox 348 391 421 431; x_wconf 65' lang='grc' dir='ltr'>Λά</span> <span class='ocrx_word' id='word_1_26' title='bbox 426 392 441 432; x_wconf 90' lang='grc' dir='ltr'><strong>ι’</strong></span> <span class='ocrx_word' id='word_1_27' title='bbox 446 423 453 430; x_wconf 96' lang='grc'><em>,</em></span> 
     </span>
    </p>
   </div>
   <div class='ocr_carea' id='block_1_6' title="bbox 168 478 1420 538">
    <p class='ocr_par' dir='ltr' id='par_1_6' title="bbox 168 478 1420 538">
     <span class='ocr_line' id='line_1_7' title="bbox 168 478 1420 538; baseline -0.004 -10"><span class='ocrx_word' id='word_1_28' title='bbox 168 486 272 528; x_wconf 81' lang='grc' dir='ltr'><strong>ΑΘ.</strong></span> <span class='ocrx_word' id='word_1_29' title='bbox 347 485 418 538; x_wconf 79' lang='grc' dir='ltr'><strong>Τῷ</strong></span> <span class='ocrx_word' id='word_1_30' title='bbox 465 501 511 538; x_wconf 77' lang='grc' dir='ltr'><strong>γε</strong></span> <span class='ocrx_word' id='word_1_31' title='bbox 557 480 800 537; x_wconf 64' lang='grc' dir='ltr'><strong><em>βιάζεσθαι</em></strong></span> <span class='ocrx_word' id='word_1_32' title='bbox 848 489 939 530; x_wconf 77' lang='grc' dir='ltr'><em>τοῖς</em></span> <span class='ocrx_word' id='word_1_33' title='bbox 985 480 1136 534; x_wconf 68' lang='grc' dir='ltr'><strong><em>λόγοις</em></strong></span> <span class='ocrx_word' id='word_1_34' title='bbox 1189 478 1420 535; x_wconf 70' lang='grc' dir='ltr'><em>ὁμολογεῖν</em></span> 
     </span>
    </p>
   </div>
   <div class='ocr_carea' id='block_1_7' title="bbox 69 549 717 606">
    <p class='ocr_par' dir='ltr' id='par_1_7' title="bbox 69 549 717 606">
     <span class='ocr_line' id='line_1_8' title="bbox 69 549 717 606; baseline -0.002 -12"><span class='ocrx_word' id='word_1_35' title='bbox 69 549 210 595; x_wconf 76' lang='grc' dir='ltr'><em>αὑτὸν</em></span> <span class='ocrx_word' id='word_1_36' title='bbox 254 550 314 606; x_wconf 83' lang='grc' dir='ltr'><strong>μὴ</strong></span> <span class='ocrx_word' id='word_1_37' title='bbox 366 554 501 606; x_wconf 72' lang='grc' dir='ltr'><strong><em>λέγειν</em></strong></span> <span class='ocrx_word' id='word_1_38' title='bbox 548 550 717 604; x_wconf 78' lang='grc' dir='ltr'><em>ὀρθῶς.</em></span> 
     </span>
    </p>
   </div>
   <div class='ocr_carea' id='block_1_8' title="bbox 788 546 1421 603">
    <p class='ocr_par' dir='ltr' id='par_1_8' title="bbox 788 546 1421 603">
     <span class='ocr_line' id='line_1_9' title="bbox 788 546 1421 603; baseline 0.002 -13"><span class='ocrx_word' id='word_1_39' title='bbox 788 550 969 602; x_wconf 77' lang='grc' dir='ltr'><em>ἐπῳδῶν</em></span> <span class='ocrx_word' id='word_1_40' title='bbox 1005 564 1050 601; x_wconf 69' lang='grc' dir='ltr'><strong>γε</strong></span> <span class='ocrx_word' id='word_1_41' title='bbox 1086 546 1175 602; x_wconf 81' lang='grc' dir='ltr'><strong>μὴν</strong></span> <span class='ocrx_word' id='word_1_42' title='bbox 1226 550 1421 603; x_wconf 76' lang='grc' dir='ltr'><em>προςὸεῖ·</em></span> 
     </span>
    </p>
   </div>
   <div class='ocr_carea' id='block_1_9' title="bbox 68 617 931 674">
    <p class='ocr_par' dir='ltr' id='par_1_9' title="bbox 68 617 931 674">
     <span class='ocr_line' id='line_1_10' title="bbox 68 617 931 674; baseline -0.008 -12"><span class='ocrx_word' id='word_1_43' title='bbox 68 622 187 662; x_wconf 77' lang='grc' dir='ltr'><strong><em>σθαι</em></strong></span> <span class='ocrx_word' id='word_1_44' title='bbox 220 636 298 674; x_wconf 86' lang='grc' dir='ltr'><strong>μοι</strong></span> <span class='ocrx_word' id='word_1_45' title='bbox 332 620 452 661; x_wconf 81' lang='grc' dir='ltr'><em>δοκεῖ</em></span> <span class='ocrx_word' id='word_1_46' title='bbox 485 617 651 673; x_wconf 80' lang='grc' dir='ltr'><em>μύθων</em></span> <span class='ocrx_word' id='word_1_47' title='bbox 688 623 750 660; x_wconf 72' lang='grc' dir='ltr'><strong><em>ἔτι</em></strong></span> <span class='ocrx_word' id='word_1_48' title='bbox 786 617 931 658; x_wconf 80' lang='grc' dir='ltr'><strong><em>τινῶν.</em></strong></span> 
     </span>
    </p>
   </div>
   <div class='ocr_carea' id='block_1_10' title="bbox 170 704 786 776">
    <p class='ocr_par' dir='ltr' id='par_1_10' title="bbox 170 704 786 776">
     <span class='ocr_line' id='line_1_11' title="bbox 170 704 786 776; baseline -0.003 -22"><span class='ocrx_word' id='word_1_49' title='bbox 170 714 271 756; x_wconf 81' lang='grc' dir='ltr'><strong>ΚΛ.</strong></span> <span class='ocrx_word' id='word_1_50' title='bbox 298 768 308 776; x_wconf 49' lang='lat'><em>-</em></span> <span class='ocrx_word' id='word_1_51' title='bbox 343 715 519 762; x_wconf 78' lang='grc' dir='ltr'><em>Ποίων,</em></span> <span class='ocrx_word' id='word_1_52' title='bbox 557 704 589 752; x_wconf 80' lang='grc' dir='ltr'><em>ὦ</em></span> <span class='ocrx_word' id='word_1_53' title='bbox 623 709 786 764; x_wconf 75' lang='grc' dir='ltr'><em>’γαθές</em></span> 
     </span>
    </p>
   </div>
   <div class='ocr_carea' id='block_1_11' title="bbox 174 802 432 867">
    <p class='ocr_par' dir='ltr' id='par_1_11' title="bbox 174 802 432 867">
     <span class='ocr_line' id='line_1_12' title="bbox 174 802 432 867; baseline -0.008 -17"><span class='ocrx_word' id='word_1_54' title='bbox 174 804 286 867; x_wconf 78' lang='lat' dir='ltr'><strong>Cap.</strong></span> <span class='ocrx_word' id='word_1_55' title='bbox 323 802 432 848; x_wconf 77' lang='lat' dir='ltr'>XII.</span> 
     </span>
    </p>
   </div>
   <div class='ocr_carea' id='block_1_12' title="bbox 67 802 1440 930">
    <p class='ocr_par' dir='ltr' id='par_1_12' title="bbox 67 802 1440 930">
     <span class='ocr_line' id='line_1_13' title="bbox 503 802 1421 858; baseline 0.003 -11"><span class='ocrx_word' id='word_1_56' title='bbox 503 805 603 848; x_wconf 85' lang='grc' dir='ltr'><strong>ΑΘ.</strong></span> <span class='ocrx_word' id='word_1_57' title='bbox 673 806 918 858; x_wconf 78' lang='grc' dir='ltr'><em>Πείθωμεν</em></span> <span class='ocrx_word' id='word_1_58' title='bbox 967 802 1046 846; x_wconf 79' lang='grc' dir='ltr'><strong>τὸν</strong></span> <span class='ocrx_word' id='word_1_59' title='bbox 1093 807 1275 847; x_wconf 68' lang='grc' dir='ltr'><em>ιέανιάν</em></span> <span class='ocrx_word' id='word_1_60' title='bbox 1330 814 1421 858; x_wconf 79' lang='grc' dir='ltr'><em>τοῖς</em></span> 
     </span>
     <span class='ocr_line' id='line_1_14' title="bbox 67 870 1440 930; baseline 0.004 -19"><span class='ocrx_word' id='word_1_61' title='bbox 67 871 240 930; x_wconf 57' lang='grc' dir='ltr'><strong>λόγοις,</strong></span> <span class='ocrx_word' id='word_1_62' title='bbox 284 871 342 924; x_wconf 80' lang='grc' dir='ltr'><strong>ὠς</strong></span> <span class='ocrx_word' id='word_1_63' title='bbox 379 873 439 926; x_wconf 82' lang='grc' dir='ltr'><strong>τῷ</strong></span> <span class='ocrx_word' id='word_1_64' title='bbox 479 874 559 915; x_wconf 87' lang='grc' dir='ltr'><strong>τοῦ</strong></span> <span class='ocrx_word' id='word_1_65' title='bbox 604 870 775 922; x_wconf 82' lang='grc' dir='ltr'><em>παντὸς</em></span> <span class='ocrx_word' id='word_1_66' title='bbox 817 872 1136 926; x_wconf 76' lang='grc' dir='ltr'><strong>ἐπιμελουμένῳ</strong></span> <span class='ocrx_word' id='word_1_67' title='bbox 1183 872 1296 929; x_wconf 81' lang='grc' dir='ltr'><strong><em>πρὸς</em></strong></span> <span class='ocrx_word' id='word_1_68' title='bbox 1341 872 1440 926; x_wconf 80' lang='grc' dir='ltr'><strong>τὴν·</strong></span> 
     </span>
    </p>
   </div>
   <div class='ocr_carea' id='block_1_13' title="bbox 163 1026 1425 1070">
    <p class='ocr_par' dir='ltr' id='par_1_13' title="bbox 163 1026 1425 1070">
     <span class='ocr_line' id='line_1_15' title="bbox 163 1026 1425 1070; baseline -0.001 -9"><span class='ocrx_word' id='word_1_69' title='bbox 163 1027 248 1061; x_wconf 81' lang='grc' dir='ltr'><strong>Ναί</strong></span> <span class='ocrx_word' id='word_1_70' title='bbox 269 1046 312 1051; x_wconf 93' lang='grc'>-</span> <span class='ocrx_word' id='word_1_71' title='bbox 338 1028 398 1060; x_wconf 71' lang='grc' dir='ltr'><strong>ἔτι</strong></span> <span class='ocrx_word' id='word_1_72' title='bbox 435 1027 581 1070; x_wconf 71' lang='grc' dir='ltr'><strong><em>ιιι-ῶν]</em></strong></span> <span class='ocrx_word' id='word_1_73' title='bbox 619 1027 715 1058; x_wconf 78' lang='lat' dir='ltr'><strong>Haec</strong></span> <span class='ocrx_word' id='word_1_74' title='bbox 748 1036 818 1057; x_wconf 91' lang='lat' dir='ltr'><strong>uno</strong></span> <span class='ocrx_word' id='word_1_75' title='bbox 845 1031 966 1057; x_wconf 88' lang='lat' dir='ltr'><strong>tenore</strong></span> <span class='ocrx_word' id='word_1_76' title='bbox 992 1026 1203 1058; x_wconf 79' lang='lat' dir='ltr'><strong>Atheniensi</strong></span> <span class='ocrx_word' id='word_1_77' title='bbox 1236 1028 1425 1070; x_wconf 79' lang='lat' dir='ltr'><strong>adscripsit</strong></span> 
     </span>
    </p>
   </div>
   <div class='ocr_carea' id='block_1_14' title="bbox 72 1073 907 1114">
    <p class='ocr_par' dir='ltr' id='par_1_14' title="bbox 72 1073 907 1114">
     <span class='ocr_line' id='line_1_16' title="bbox 72 1073 907 1114; baseline -0.005 -7"><span class='ocrx_word' id='word_1_78' title='bbox 72 1077 314 1114; x_wconf 81' lang='lat' dir='ltr'><strong>Hermannus,</strong></span> <span class='ocrx_word' id='word_1_79' title='bbox 351 1076 466 1107; x_wconf 81' lang='lat' dir='ltr'><strong>deleto</strong></span> <span class='ocrx_word' id='word_1_80' title='bbox 492 1074 720 1106; x_wconf 81' lang='lat' dir='ltr'><strong>Atheniensis</strong></span> <span class='ocrx_word' id='word_1_81' title='bbox 754 1073 907 1104; x_wconf 82' lang='lat' dir='ltr'><strong>nomine.</strong></span> 
     </span>
    </p>
   </div>
   <div class='ocr_carea' id='block_1_15' title="bbox 956 1072 1422 1106">
    <p class='ocr_par' dir='ltr' id='par_1_15' title="bbox 956 1072 1422 1106">
     <span class='ocr_line' id='line_1_17' title="bbox 956 1072 1422 1106; baseline 0.006 -3"><span class='ocrx_word' id='word_1_82' title='bbox 956 1072 1032 1103; x_wconf 84' lang='lat' dir='ltr'><strong>Nos</strong></span> <span class='ocrx_word' id='word_1_83' title='bbox 1065 1080 1217 1104; x_wconf 73' lang='lat' dir='ltr'><strong>veterem</strong></span> <span class='ocrx_word' id='word_1_84' title='bbox 1249 1075 1422 1106; x_wconf 87' lang='lat' dir='ltr'><strong>rationem</strong></span> 
     </span>
    </p>
   </div>
   <div class='ocr_carea' id='block_1_16' title="bbox 71 1119 1421 1208">
    <p class='ocr_par' dir='ltr' id='par_1_16' title="bbox 71 1119 1421 1208">
     <span class='ocr_line' id='line_1_18' title="bbox 71 1119 1214 1161; baseline -0.003 -8"><span class='ocrx_word' id='word_1_85' title='bbox 71 1122 257 1154; x_wconf 82' lang='lat' dir='ltr'><strong>tenendam</strong></span> <span class='ocrx_word' id='word_1_86' title='bbox 283 1122 506 1161; x_wconf 80' lang='lat' dir='ltr'>arbitramur,</span> <span class='ocrx_word' id='word_1_87' title='bbox 533 1121 618 1152; x_wconf 87' lang='lat' dir='ltr'><strong>satis</strong></span> <span class='ocrx_word' id='word_1_88' title='bbox 644 1119 812 1150; x_wconf 79' lang='lat' dir='ltr'><strong>habentes</strong></span> <span class='ocrx_word' id='word_1_89' title='bbox 837 1129 962 1149; x_wconf 79' lang='lat' dir='ltr'><strong>novam</strong></span> <span class='ocrx_word' id='word_1_90' title='bbox 989 1119 1214 1150; x_wconf 82' lang='lat' dir='ltr'><strong>iudicavisse.</strong></span> 
     </span>
     <span class='ocr_line' id='line_1_19' title="bbox 164 1161 1421 1208; baseline 0 -10"><span class='ocrx_word' id='word_1_91' title='bbox 164 1164 299 1198; x_wconf 79' lang='grc' dir='ltr'><em>αὐτὸν</em></span> <span class='ocrx_word' id='word_1_92' title='bbox 333 1165 383 1208; x_wconf 75' lang='grc' dir='ltr'><strong>μὴ</strong></span> <span class='ocrx_word' id='word_1_93' title='bbox 423 1166 564 1208; x_wconf 73' lang='grc' dir='ltr'><strong><em>λέγειν</em></strong></span> <span class='ocrx_word' id='word_1_94' title='bbox 599 1162 756 1206; x_wconf 67' lang='grc' dir='ltr'><em>ὀρθῶς.</em></span> <span class='ocrx_word' id='word_1_95' title='bbox 793 1161 1002 1206; x_wconf 73' lang='grc' dir='ltr'><strong><em>Ἐπῳδιῦν]</em></strong></span> <span class='ocrx_word' id='word_1_96' title='bbox 1043 1165 1132 1196; x_wconf 89' lang='lat' dir='ltr'><strong>Vett.</strong></span> <span class='ocrx_word' id='word_1_97' title='bbox 1168 1166 1265 1197; x_wconf 82' lang='lat' dir='ltr'>editt.</span> <span class='ocrx_word' id='word_1_98' title='bbox 1303 1166 1421 1208; x_wconf 70' lang='grc' dir='ltr'><strong>λέγειν,</strong></span> 
     </span>
    </p>
   </div>
   <div class='ocr_carea' id='block_1_17' title="bbox 72 1198 719 1255">
    <p class='ocr_par' dir='ltr' id='par_1_17' title="bbox 72 1198 719 1255">
     <span class='ocr_line' id='line_1_20' title="bbox 72 1198 719 1255; baseline -0.005 -10"><span class='ocrx_word' id='word_1_99' title='bbox 72 1198 149 1245; x_wconf 75' lang='grc' dir='ltr'><strong>ΚΛ.</strong></span> <span class='ocrx_word' id='word_1_100' title='bbox 187 1209 332 1254; x_wconf 66' lang='grc' dir='ltr'><strong><em>Ὀρθῶς.</em></strong></span> <span class='ocrx_word' id='word_1_101' title='bbox 369 1212 445 1245; x_wconf 70' lang='grc' dir='ltr'><strong>ΑΘ.</strong></span> <span class='ocrx_word' id='word_1_102' title='bbox 482 1210 645 1255; x_wconf 67' lang='grc' dir='ltr'><em>Ὲπῳδών</em></span> <span class='ocrx_word' id='word_1_103' title='bbox 671 1221 719 1252; x_wconf 67' lang='grc' dir='ltr'><strong>γε.</strong></span> 
     </span>
    </p>
   </div>
   <div class='ocr_carea' id='block_1_18' title="bbox 769 1211 1422 1244">
    <p class='ocr_par' dir='ltr' id='par_1_18' title="bbox 769 1211 1422 1244">
     <span class='ocr_line' id='line_1_21' title="bbox 769 1211 1422 1244; baseline 0.005 -3"><span class='ocrx_word' id='word_1_104' title='bbox 769 1212 895 1242; x_wconf 79' lang='lat' dir='ltr'><strong>Veram</strong></span> <span class='ocrx_word' id='word_1_105' title='bbox 923 1211 1186 1243; x_wconf 82' lang='lat' dir='ltr'><strong>distinctionem</strong></span> <span class='ocrx_word' id='word_1_106' title='bbox 1211 1217 1327 1244; x_wconf 85' lang='lat' dir='ltr'><strong>tuetur</strong></span> <span class='ocrx_word' id='word_1_107' title='bbox 1353 1213 1422 1244; x_wconf 89' lang='lat' dir='ltr'><strong>En-</strong></span> 
     </span>
    </p>
   </div>
   <div class='ocr_carea' id='block_1_19' title="bbox 70 1253 1166 1301">
    <p class='ocr_par' dir='ltr' id='par_1_19' title="bbox 70 1253 1166 1301">
     <span class='ocr_line' id='line_1_22' title="bbox 70 1253 1166 1301; baseline -0.003 -10"><span class='ocrx_word' id='word_1_108' title='bbox 70 1260 200 1300; x_wconf 88' lang='lat' dir='ltr'><strong>sebius,</strong></span> <span class='ocrx_word' id='word_1_109' title='bbox 225 1260 450 1301; x_wconf 86' lang='lat' dir='ltr'><strong>restituitque</strong></span> <span class='ocrx_word' id='word_1_110' title='bbox 474 1261 607 1301; x_wconf 88' lang='lat' dir='ltr'><strong>primus</strong></span> <span class='ocrx_word' id='word_1_111' title='bbox 635 1258 768 1289; x_wconf 79' lang='lat' dir='ltr'><strong>Astius.</strong></span> <span class='ocrx_word' id='word_1_112' title='bbox 798 1257 872 1288; x_wconf 87' lang='lat' dir='ltr'><strong>Ric.</strong></span> <span class='ocrx_word' id='word_1_113' title='bbox 901 1253 1022 1297; x_wconf 67' lang='grc' dir='ltr'><em>ὀρθῶς</em></span> <span class='ocrx_word' id='word_1_114' title='bbox 1048 1258 1166 1299; x_wconf 69' lang='grc' dir='ltr'><strong>λέγειν.</strong></span> 
     </span>
    </p>
   </div>
   <div class='ocr_carea' id='block_1_20' title="bbox 67 1370 717 2749">
    <p class='ocr_par' dir='ltr' id='par_1_20' title="bbox 67 1370 717 2749">
     <span class='ocr_line' id='line_1_23' title="bbox 69 1370 713 1413; baseline -0.005 -10"><span class='ocrx_word' id='word_1_115' title='bbox 69 1376 174 1413; x_wconf 87' lang='lat' dir='ltr'><strong>atque</strong></span> <span class='ocrx_word' id='word_1_116' title='bbox 189 1370 390 1402; x_wconf 82' lang='lat' dir='ltr'><strong>felicitatem</strong></span> <span class='ocrx_word' id='word_1_117' title='bbox 406 1371 548 1403; x_wconf 90' lang='lat' dir='ltr'><strong>eluctari</strong></span> <span class='ocrx_word' id='word_1_118' title='bbox 571 1374 713 1412; x_wconf 80' lang='lat' dir='ltr'><strong>queant,</strong></span> 
     </span>
     <span class='ocr_line' id='line_1_24' title="bbox 71 1417 713 1450; baseline -0.003 0"><span class='ocrx_word' id='word_1_119' title='bbox 71 1420 99 1450; x_wconf 90' lang='lat' dir='ltr'><strong>si</strong></span> <span class='ocrx_word' id='word_1_120' title='bbox 156 1419 262 1449; x_wconf 88' lang='lat' dir='ltr'><strong>modo</strong></span> <span class='ocrx_word' id='word_1_121' title='bbox 317 1417 451 1449; x_wconf 81' lang='lat' dir='ltr'><strong>viribus</strong></span> <span class='ocrx_word' id='word_1_122' title='bbox 503 1418 576 1448; x_wconf 88' lang='lat' dir='ltr'><strong>suis</strong></span> <span class='ocrx_word' id='word_1_123' title='bbox 621 1422 713 1448; x_wconf 86' lang='lat' dir='ltr'><strong>recte</strong></span> 
     </span>
     <span class='ocr_line' id='line_1_25' title="bbox 68 1463 714 1504; baseline -0.003 -9"><span class='ocrx_word' id='word_1_124' title='bbox 68 1469 230 1501; x_wconf 83' lang='lat' dir='ltr'><strong>utantur3</strong></span> <span class='ocrx_word' id='word_1_125' title='bbox 255 1463 306 1494; x_wconf 86' lang='lat' dir='ltr'><strong>uti</strong></span> <span class='ocrx_word' id='word_1_126' title='bbox 334 1465 425 1494; x_wconf 85' lang='lat' dir='ltr'><strong>enim</strong></span> <span class='ocrx_word' id='word_1_127' title='bbox 452 1474 625 1504; x_wconf 87' lang='lat' dir='ltr'><strong>quemque</strong></span> <span class='ocrx_word' id='word_1_128' title='bbox 651 1473 714 1494; x_wconf 88' lang='lat' dir='ltr'><strong>sua</strong></span> 
     </span>
     <span class='ocr_line' id='line_1_26' title="bbox 70 1509 712 1550; baseline -0.003 -9"><span class='ocrx_word' id='word_1_129' title='bbox 70 1509 265 1542; x_wconf 85' lang='lat' dir='ltr'><strong>voluntatis</strong></span> <span class='ocrx_word' id='word_1_130' title='bbox 307 1509 488 1550; x_wconf 85' lang='lat' dir='ltr'><strong>libertate,</strong></span> <span class='ocrx_word' id='word_1_131' title='bbox 532 1520 574 1540; x_wconf 81' lang='lat' dir='ltr'><strong>ex</strong></span> <span class='ocrx_word' id='word_1_132' title='bbox 614 1510 712 1541; x_wconf 84' lang='lat' dir='ltr'><strong>cuius</strong></span> 
     </span>
     <span class='ocr_line' id='line_1_27' title="bbox 71 1555 712 1596; baseline -0.002 -9"><span class='ocrx_word' id='word_1_133' title='bbox 71 1561 169 1588; x_wconf 84' lang='lat' dir='ltr'><strong>recto</strong></span> <span class='ocrx_word' id='word_1_134' title='bbox 208 1565 275 1586; x_wconf 91' lang='lat' dir='ltr'><strong>usu</strong></span> <span class='ocrx_word' id='word_1_135' title='bbox 314 1556 465 1596; x_wconf 85' lang='lat' dir='ltr'><strong>pendeat</strong></span> <span class='ocrx_word' id='word_1_136' title='bbox 503 1556 617 1587; x_wconf 89' lang='lat' dir='ltr'><strong>omnis</strong></span> <span class='ocrx_word' id='word_1_137' title='bbox 657 1555 712 1586; x_wconf 75' lang='lat' dir='ltr'><strong>vel</strong></span> 
     </span>
     <span class='ocr_line' id='line_1_28' title="bbox 69 1601 712 1633; baseline -0.002 0"><span class='ocrx_word' id='word_1_138' title='bbox 69 1602 251 1633; x_wconf 81' lang='lat' dir='ltr'><strong>felicitatis</strong></span> <span class='ocrx_word' id='word_1_139' title='bbox 297 1601 353 1632; x_wconf 88' lang='lat' dir='ltr'><strong>vel</strong></span> <span class='ocrx_word' id='word_1_140' title='bbox 395 1602 500 1633; x_wconf 91' lang='lat' dir='ltr'><strong>etiam</strong></span> <span class='ocrx_word' id='word_1_141' title='bbox 548 1602 712 1633; x_wconf 87' lang='lat' dir='ltr'><strong>miseriae</strong></span> 
     </span>
     <span class='ocr_line' id='line_1_29' title="bbox 67 1646 711 1688; baseline -0.003 -8"><span class='ocrx_word' id='word_1_142' title='bbox 67 1650 243 1680; x_wconf 81' lang='lat' dir='ltr'><strong>humanae</strong></span> <span class='ocrx_word' id='word_1_143' title='bbox 254 1649 346 1679; x_wconf 85' lang='lat' dir='ltr'><strong>ratio</strong></span> <span class='ocrx_word' id='word_1_144' title='bbox 361 1653 394 1679; x_wconf 85' lang='lat' dir='ltr'><strong>et</strong></span> <span class='ocrx_word' id='word_1_145' title='bbox 406 1648 576 1679; x_wconf 85' lang='lat' dir='ltr'><strong>conditio.</strong></span> <span class='ocrx_word' id='word_1_146' title='bbox 603 1646 711 1688; x_wconf 83' lang='lat' dir='ltr'><strong>Quip-</strong></span> 
     </span>
     <span class='ocr_line' id='line_1_30' title="bbox 71 1694 709 1736; baseline -0.005 -9"><span class='ocrx_word' id='word_1_147' title='bbox 71 1705 115 1736; x_wconf 87' lang='lat' dir='ltr'><strong>pe</strong></span> <span class='ocrx_word' id='word_1_148' title='bbox 146 1696 183 1726; x_wconf 88' lang='lat' dir='ltr'><strong>in</strong></span> <span class='ocrx_word' id='word_1_149' title='bbox 226 1703 298 1724; x_wconf 90' lang='lat' dir='ltr'><strong>uno</strong></span> <span class='ocrx_word' id='word_1_150' title='bbox 333 1695 483 1725; x_wconf 80' lang='lat' dir='ltr'><strong>maxime</strong></span> <span class='ocrx_word' id='word_1_151' title='bbox 516 1694 709 1725; x_wconf 85' lang='lat' dir='ltr'><strong>honestatis</strong></span> 
     </span>
     <span class='ocr_line' id='line_1_31' title="bbox 70 1740 711 1773; baseline -0.005 0"><span class='ocrx_word' id='word_1_152' title='bbox 70 1751 111 1773; x_wconf 79' lang='lat' dir='ltr'><strong>ac</strong></span> <span class='ocrx_word' id='word_1_153' title='bbox 136 1740 276 1772; x_wconf 83' lang='lat' dir='ltr'><strong>virtutis</strong></span> <span class='ocrx_word' id='word_1_154' title='bbox 303 1740 419 1771; x_wconf 86' lang='lat' dir='ltr'><strong>studio</strong></span> <span class='ocrx_word' id='word_1_155' title='bbox 435 1741 626 1771; x_wconf 74' lang='lat' dir='ltr'><strong>arbitratur</strong></span> <span class='ocrx_word' id='word_1_156' title='bbox 639 1750 711 1771; x_wconf 90' lang='lat' dir='ltr'><strong>om-</strong></span> 
     </span>
     <span class='ocr_line' id='line_1_32' title="bbox 72 1785 711 1827; baseline -0.003 -8"><span class='ocrx_word' id='word_1_157' title='bbox 72 1797 151 1819; x_wconf 86' lang='lat' dir='ltr'><strong>nem</strong></span> <span class='ocrx_word' id='word_1_158' title='bbox 163 1786 316 1818; x_wconf 82' lang='lat' dir='ltr'><strong>hominis</strong></span> <span class='ocrx_word' id='word_1_159' title='bbox 332 1785 533 1818; x_wconf 89' lang='lat' dir='ltr'><strong>felicitatem</strong></span> <span class='ocrx_word' id='word_1_160' title='bbox 558 1787 711 1827; x_wconf 86' lang='lat' dir='ltr'><strong>positam</strong></span> 
     </span>
     <span class='ocr_line' id='line_1_33' title="bbox 69 1832 711 1874; baseline -0.003 -9"><span class='ocrx_word' id='word_1_161' title='bbox 69 1843 161 1872; x_wconf 84' lang='lat' dir='ltr'><strong>esse,</strong></span> <span class='ocrx_word' id='word_1_162' title='bbox 188 1838 271 1874; x_wconf 82' lang='lat' dir='ltr'><strong>prae</strong></span> <span class='ocrx_word' id='word_1_163' title='bbox 305 1842 375 1872; x_wconf 85' lang='lat' dir='ltr'><strong>qua</strong></span> <span class='ocrx_word' id='word_1_164' title='bbox 402 1832 570 1863; x_wconf 77' lang='lat' dir='ltr'><strong>facillime</strong></span> <span class='ocrx_word' id='word_1_165' title='bbox 603 1833 711 1863; x_wconf 87' lang='lat' dir='ltr'><strong>simus</strong></span> 
     </span>
     <span class='ocr_line' id='line_1_34' title="bbox 71 1879 712 1919; baseline -0.003 -8"><span class='ocrx_word' id='word_1_166' title='bbox 71 1880 167 1911; x_wconf 88' lang='lat' dir='ltr'><strong>bona</strong></span> <span class='ocrx_word' id='word_1_167' title='bbox 190 1883 335 1909; x_wconf 81' lang='lat' dir='ltr'><strong>externa</strong></span> <span class='ocrx_word' id='word_1_168' title='bbox 366 1879 484 1910; x_wconf 82' lang='lat' dir='ltr'><strong>omnia</strong></span> <span class='ocrx_word' id='word_1_169' title='bbox 514 1879 712 1919; x_wconf 87' lang='lat' dir='ltr'><strong>despecturi</strong></span> 
     </span>
     <span class='ocr_line' id='line_1_35' title="bbox 70 1924 714 1966; baseline -0.002 -10"><span class='ocrx_word' id='word_1_170' title='bbox 70 1930 176 1966; x_wconf 83' lang='lat' dir='ltr'><strong>atque</strong></span> <span class='ocrx_word' id='word_1_171' title='bbox 203 1924 430 1960; x_wconf 74' lang='lat' dir='ltr'><strong>coiitemt-uri,</strong></span> <span class='ocrx_word' id='word_1_172' title='bbox 463 1925 492 1955; x_wconf 88' lang='lat' dir='ltr'><strong>si</strong></span> <span class='ocrx_word' id='word_1_173' title='bbox 517 1925 714 1955; x_wconf 88' lang='lat' dir='ltr'><strong>memineri-</strong></span> 
     </span>
     <span class='ocr_line' id='line_1_36' title="bbox 70 1969 716 2011; baseline -0.003 -8"><span class='ocrx_word' id='word_1_174' title='bbox 70 1981 162 2010; x_wconf 82' lang='lat' dir='ltr'><strong>mus,</strong></span> <span class='ocrx_word' id='word_1_175' title='bbox 188 1974 318 2011; x_wconf 80' lang='lat' dir='ltr'><strong>quanta</strong></span> <span class='ocrx_word' id='word_1_176' title='bbox 343 1969 459 2001; x_wconf 84' lang='lat' dir='ltr'><strong>futura</strong></span> <span class='ocrx_word' id='word_1_177' title='bbox 484 1973 530 2002; x_wconf 87' lang='lat' dir='ltr'><strong>sit</strong></span> <span class='ocrx_word' id='word_1_178' title='bbox 554 1969 716 2010; x_wconf 80' lang='lat' dir='ltr'><strong>voluptas</strong></span> 
     </span>
     <span class='ocr_line' id='line_1_37' title="bbox 72 2017 715 2057; baseline -0.005 -7"><span class='ocrx_word' id='word_1_179' title='bbox 72 2027 114 2050; x_wconf 79' lang='lat' dir='ltr'><strong>ac</strong></span> <span class='ocrx_word' id='word_1_180' title='bbox 155 2017 356 2055; x_wconf 84' lang='lat' dir='ltr'><strong>beatitudo,</strong></span> <span class='ocrx_word' id='word_1_181' title='bbox 397 2026 467 2057; x_wconf 87' lang='lat' dir='ltr'><strong>qua</strong></span> <span class='ocrx_word' id='word_1_182' title='bbox 511 2017 715 2057; x_wconf 82' lang='lat' dir='ltr'><strong>aliquando,</strong></span> 
     </span>
     <span class='ocr_line' id='line_1_38' title="bbox 71 2062 716 2095; baseline -0.005 0"><span class='ocrx_word' id='word_1_183' title='bbox 71 2064 138 2095; x_wconf 86' lang='lat' dir='ltr'><strong>hac</strong></span> <span class='ocrx_word' id='word_1_184' title='bbox 178 2064 253 2094; x_wconf 86' lang='lat' dir='ltr'><strong>vita</strong></span> <span class='ocrx_word' id='word_1_185' title='bbox 289 2062 378 2093; x_wconf 86' lang='lat' dir='ltr'><strong>bene</strong></span> <span class='ocrx_word' id='word_1_186' title='bbox 415 2072 455 2093; x_wconf 88' lang='lat' dir='ltr'><strong>ac</strong></span> <span class='ocrx_word' id='word_1_187' title='bbox 490 2063 716 2094; x_wconf 84' lang='lat' dir='ltr'><strong>laudabiliter</strong></span> 
     </span>
     <span class='ocr_line' id='line_1_39' title="bbox 70 2107 714 2151; baseline -0.003 -10"><span class='ocrx_word' id='word_1_188' title='bbox 70 2113 229 2151; x_wconf 81' lang='lat' dir='ltr'><strong>peracta,</strong></span> <span class='ocrx_word' id='word_1_189' title='bbox 259 2107 400 2139; x_wconf 81' lang='lat' dir='ltr'><strong>fruituri</strong></span> <span class='ocrx_word' id='word_1_190' title='bbox 427 2109 555 2148; x_wconf 88' lang='lat' dir='ltr'><strong>simus,</strong></span> <span class='ocrx_word' id='word_1_191' title='bbox 586 2109 646 2140; x_wconf 92' lang='lat' dir='ltr'><strong>ubi</strong></span> <span class='ocrx_word' id='word_1_192' title='bbox 677 2109 714 2139; x_wconf 86' lang='lat' dir='ltr'><strong>in</strong></span> 
     </span>
     <span class='ocr_line' id='line_1_40' title="bbox 72 2154 715 2196; baseline -0.005 -8"><span class='ocrx_word' id='word_1_193' title='bbox 72 2160 208 2188; x_wconf 86' lang='lat' dir='ltr'><strong>coetum</strong></span> <span class='ocrx_word' id='word_1_194' title='bbox 227 2154 608 2196; x_wconf 86' lang='lat' dir='ltr'><strong>praestantissimorum</strong></span> <span class='ocrx_word' id='word_1_195' title='bbox 631 2164 715 2185; x_wconf 81' lang='lat' dir='ltr'><strong>con·</strong></span> 
     </span>
     <span class='ocr_line' id='line_1_41' title="bbox 73 2201 713 2243; baseline -0.002 -10"><span class='ocrx_word' id='word_1_196' title='bbox 73 2202 211 2243; x_wconf 85' lang='lat' dir='ltr'><strong>gregati</strong></span> <span class='ocrx_word' id='word_1_197' title='bbox 234 2202 391 2232; x_wconf 88' lang='lat' dir='ltr'><strong>virorum</strong></span> <span class='ocrx_word' id='word_1_198' title='bbox 425 2202 462 2232; x_wconf 90' lang='lat' dir='ltr'><strong>in</strong></span> <span class='ocrx_word' id='word_1_199' title='bbox 496 2201 571 2232; x_wconf 85' lang='lat' dir='ltr'><strong>dies</strong></span> <span class='ocrx_word' id='word_1_200' title='bbox 600 2201 713 2241; x_wconf 89' lang='lat' dir='ltr'><strong>magis</strong></span> 
     </span>
     <span class='ocr_line' id='line_1_42' title="bbox 72 2246 715 2279; baseline -0.002 0"><span class='ocrx_word' id='word_1_201' title='bbox 72 2249 238 2279; x_wconf 86' lang='lat' dir='ltr'><strong>virtutem</strong></span> <span class='ocrx_word' id='word_1_202' title='bbox 265 2246 414 2278; x_wconf 87' lang='lat' dir='ltr'><strong>amaturi</strong></span> <span class='ocrx_word' id='word_1_203' title='bbox 440 2251 474 2278; x_wconf 88' lang='lat' dir='ltr'><strong>et</strong></span> <span class='ocrx_word' id='word_1_204' title='bbox 499 2247 541 2278; x_wconf 88' lang='lat' dir='ltr'><strong>ad</strong></span> <span class='ocrx_word' id='word_1_205' title='bbox 570 2247 715 2279; x_wconf 82' lang='lat' dir='ltr'><strong>excelsi·</strong></span> 
     </span>
     <span class='ocr_line' id='line_1_43' title="bbox 74 2293 716 2333; baseline -0.003 -7"><span class='ocrx_word' id='word_1_206' title='bbox 74 2303 171 2326; x_wconf 88' lang='lat' dir='ltr'><strong>orem</strong></span> <span class='ocrx_word' id='word_1_207' title='bbox 211 2293 437 2333; x_wconf 83' lang='lat' dir='ltr'><strong>perfectionis</strong></span> <span class='ocrx_word' id='word_1_208' title='bbox 488 2293 626 2324; x_wconf 85' lang='lat' dir='ltr'><strong>laudem</strong></span> <span class='ocrx_word' id='word_1_209' title='bbox 675 2303 716 2325; x_wconf 88' lang='lat' dir='ltr'><strong>ac</strong></span> 
     </span>
     <span class='ocr_line' id='line_1_44' title="bbox 71 2339 714 2381; baseline 0 -10"><span class='ocrx_word' id='word_1_210' title='bbox 71 2339 324 2381; x_wconf 87' lang='lat' dir='ltr'><strong>praestantiam</strong></span> <span class='ocrx_word' id='word_1_211' title='bbox 349 2344 518 2379; x_wconf 83' lang='lat' dir='ltr'><strong>perpetuo</strong></span> <span class='ocrx_word' id='word_1_212' title='bbox 551 2349 714 2380; x_wconf 86' lang='lat' dir='ltr'><strong>progres-</strong></span> 
     </span>
     <span class='ocr_line' id='line_1_45' title="bbox 73 2385 716 2427; baseline -0.002 -10"><span class='ocrx_word' id='word_1_213' title='bbox 73 2386 146 2418; x_wconf 79' lang='lat' dir='ltr'><strong>suri</strong></span> <span class='ocrx_word' id='word_1_214' title='bbox 161 2386 282 2416; x_wconf 89' lang='lat' dir='ltr'><strong>simus.</strong></span> <span class='ocrx_word' id='word_1_215' title='bbox 321 2385 460 2415; x_wconf 91' lang='lat' dir='ltr'><strong>Etenim</strong></span> <span class='ocrx_word' id='word_1_216' title='bbox 470 2385 558 2416; x_wconf 87' lang='lat' dir='ltr'><strong>illud</strong></span> <span class='ocrx_word' id='word_1_217' title='bbox 575 2395 716 2427; x_wconf 83' lang='lat' dir='ltr'><strong>quoque</strong></span> 
     </span>
     <span class='ocr_line' id='line_1_46' title="bbox 75 2429 715 2474; baseline -0.002 -11"><span class='ocrx_word' id='word_1_218' title='bbox 75 2433 142 2464; x_wconf 85' lang='lat' dir='ltr'><strong>hoc</strong></span> <span class='ocrx_word' id='word_1_219' title='bbox 163 2429 243 2462; x_wconf 75' lang='lat' dir='ltr'><strong>loc‘o</strong></span> <span class='ocrx_word' id='word_1_220' title='bbox 270 2431 374 2462; x_wconf 87' lang='lat' dir='ltr'><strong>docet</strong></span> <span class='ocrx_word' id='word_1_221' title='bbox 389 2430 632 2474; x_wconf 82' lang='lat' dir='ltr'><strong>philosophus,</strong></span> <span class='ocrx_word' id='word_1_222' title='bbox 651 2432 715 2462; x_wconf 93' lang='lat' dir='ltr'><strong>im-</strong></span> 
     </span>
     <span class='ocr_line' id='line_1_47' title="bbox 71 2477 715 2520; baseline -0.002 -10"><span class='ocrx_word' id='word_1_223' title='bbox 71 2477 232 2510; x_wconf 85' lang='lat' dir='ltr'><strong>mutabili</strong></span> <span class='ocrx_word' id='word_1_224' title='bbox 262 2477 340 2517; x_wconf 83' lang='lat' dir='ltr'><strong>lege</strong></span> <span class='ocrx_word' id='word_1_225' title='bbox 376 2477 503 2520; x_wconf 21' lang='lat' dir='ltr'><strong>ardiis</strong></span> <span class='ocrx_word' id='word_1_226' title='bbox 546 2479 596 2509; x_wconf 84' lang='lat' dir='ltr'><strong>ita</strong></span> <span class='ocrx_word' id='word_1_227' title='bbox 637 2487 715 2509; x_wconf 88' lang='lat' dir='ltr'><strong>esse</strong></span> 
     </span>
     <span class='ocr_line' id='line_1_48' title="bbox 71 2523 715 2563; baseline -0.002 -7"><span class='ocrx_word' id='word_1_228' title='bbox 71 2524 316 2562; x_wconf 83' lang='lat' dir='ltr'><strong>constitutum,</strong></span> <span class='ocrx_word' id='word_1_229' title='bbox 341 2527 380 2553; x_wconf 84' lang='lat' dir='ltr'><strong>ut</strong></span> <span class='ocrx_word' id='word_1_230' title='bbox 403 2528 484 2563; x_wconf 88' lang='lat' dir='ltr'><strong>post</strong></span> <span class='ocrx_word' id='word_1_231' title='bbox 501 2523 604 2555; x_wconf 88' lang='lat' dir='ltr'><strong>huius</strong></span> <span class='ocrx_word' id='word_1_232' title='bbox 622 2525 715 2556; x_wconf 80' lang='lat' dir='ltr'><strong>vitae</strong></span> 
     </span>
     <span class='ocr_line' id='line_1_49' title="bbox 73 2569 715 2611; baseline -0.002 -9"><span class='ocrx_word' id='word_1_233' title='bbox 73 2570 258 2602; x_wconf 84' lang='lat' dir='ltr'><strong>decursum</strong></span> <span class='ocrx_word' id='word_1_234' title='bbox 285 2569 387 2610; x_wconf 91' lang='lat' dir='ltr'><strong>probi</strong></span> <span class='ocrx_word' id='word_1_235' title='bbox 413 2579 549 2610; x_wconf 80' lang='lat' dir='ltr'><strong>semper</strong></span> <span class='ocrx_word' id='word_1_236' title='bbox 572 2570 617 2601; x_wconf 83' lang='lat' dir='ltr'><strong>ad</strong></span> <span class='ocrx_word' id='word_1_237' title='bbox 634 2580 715 2611; x_wconf 87' lang='lat' dir='ltr'><strong>pro-</strong></span> 
     </span>
     <span class='ocr_line' id='line_1_50' title="bbox 72 2615 715 2657; baseline 0 -10"><span class='ocrx_word' id='word_1_238' title='bbox 72 2616 149 2656; x_wconf 86' lang='lat' dir='ltr'><strong>bos,</strong></span> <span class='ocrx_word' id='word_1_239' title='bbox 177 2616 261 2647; x_wconf 89' lang='lat' dir='ltr'><strong>mali</strong></span> <span class='ocrx_word' id='word_1_240' title='bbox 286 2619 402 2647; x_wconf 86' lang='lat' dir='ltr'><strong>autem</strong></span> <span class='ocrx_word' id='word_1_241' title='bbox 428 2615 473 2646; x_wconf 87' lang='lat' dir='ltr'><strong>ad</strong></span> <span class='ocrx_word' id='word_1_242' title='bbox 496 2616 608 2647; x_wconf 92' lang='lat' dir='ltr'><strong>malos</strong></span> <span class='ocrx_word' id='word_1_243' title='bbox 638 2626 715 2657; x_wconf 87' lang='lat' dir='ltr'><strong>per-</strong></span> 
     </span>
     <span class='ocr_line' id='line_1_51' title="bbox 72 2658 717 2702; baseline 0 -8"><span class='ocrx_word' id='word_1_244' title='bbox 72 2663 228 2702; x_wconf 83' lang='lat' dir='ltr'><strong>veniant,</strong></span> <span class='ocrx_word' id='word_1_245' title='bbox 252 2662 402 2702; x_wconf 88' lang='lat' dir='ltr'><strong>ideoque</strong></span> <span class='ocrx_word' id='word_1_246' title='bbox 427 2661 531 2693; x_wconf 89' lang='lat' dir='ltr'><strong>etiam</strong></span> <span class='ocrx_word' id='word_1_247' title='bbox 560 2658 717 2694; x_wconf 73' lang='lat' dir='ltr'><strong>futurum*</strong></span> 
     </span>
     <span class='ocr_line' id='line_1_52' title="bbox 73 2708 713 2749; baseline 0 -9"><span class='ocrx_word' id='word_1_248' title='bbox 73 2718 168 2749; x_wconf 84' lang='lat' dir='ltr'><strong>esse,</strong></span> <span class='ocrx_word' id='word_1_249' title='bbox 192 2712 231 2740; x_wconf 82' lang='lat' dir='ltr'><strong>ut</strong></span> <span class='ocrx_word' id='word_1_250' title='bbox 255 2708 397 2740; x_wconf 83' lang='lat' dir='ltr'><strong>virtutis</strong></span> <span class='ocrx_word' id='word_1_251' title='bbox 421 2712 578 2740; x_wconf 84' lang='lat' dir='ltr'><strong>amantes</strong></span> <span class='ocrx_word' id='word_1_252' title='bbox 609 2718 713 2749; x_wconf 87' lang='lat' dir='ltr'><strong>quum</strong></span> 
     </span>
    </p>
   </div>
   <div class='ocr_carea' id='block_1_21' title="bbox 777 1369 1430 2751">
    <p class='ocr_par' dir='ltr' id='par_1_21' title="bbox 777 1369 1430 2751">
     <span class='ocr_line' id='line_1_53' title="bbox 777 1369 1419 1412; baseline 0 -11"><span class='ocrx_word' id='word_1_253' title='bbox 777 1375 946 1411; x_wconf 89' lang='lat' dir='ltr'><strong>perpetuo</strong></span> <span class='ocrx_word' id='word_1_254' title='bbox 974 1370 1056 1401; x_wconf 92' lang='lat' dir='ltr'><strong>boni</strong></span> <span class='ocrx_word' id='word_1_255' title='bbox 1076 1369 1286 1412; x_wconf 86' lang='lat' dir='ltr'><strong>honestique</strong></span> <span class='ocrx_word' id='word_1_256' title='bbox 1302 1370 1419 1401; x_wconf 89' lang='lat' dir='ltr'><strong>studio</strong></span> 
     </span>
     <span class='ocr_line' id='line_1_54' title="bbox 779 1417 1419 1448; baseline -0.002 0"><span class='ocrx_word' id='word_1_257' title='bbox 779 1417 1032 1448; x_wconf 80' lang='lat' dir='ltr'><strong>exercitatione</strong></span> <span class='ocrx_word' id='word_1_258' title='bbox 1064 1422 1167 1447; x_wconf 89' lang='lat' dir='ltr'><strong>aucto</strong></span> <span class='ocrx_word' id='word_1_259' title='bbox 1195 1423 1228 1448; x_wconf 91' lang='lat' dir='ltr'><strong>et</strong></span> <span class='ocrx_word' id='word_1_260' title='bbox 1254 1417 1419 1448; x_wconf 82' lang='lat' dir='ltr'><strong>corrobo-</strong></span> 
     </span>
     <span class='ocr_line' id='line_1_55' title="bbox 777 1463 1419 1503; baseline 0 -10"><span class='ocrx_word' id='word_1_261' title='bbox 777 1467 869 1501; x_wconf 89' lang='lat' dir='ltr'><strong>rato,</strong></span> <span class='ocrx_word' id='word_1_262' title='bbox 894 1468 966 1493; x_wconf 86' lang='lat' dir='ltr'><strong>tum</strong></span> <span class='ocrx_word' id='word_1_263' title='bbox 992 1463 1154 1503; x_wconf 88' lang='lat' dir='ltr'><strong>exemplo</strong></span> <span class='ocrx_word' id='word_1_264' title='bbox 1186 1467 1220 1494; x_wconf 90' lang='lat' dir='ltr'><strong>et</strong></span> <span class='ocrx_word' id='word_1_265' title='bbox 1255 1463 1419 1494; x_wconf 82' lang='lat' dir='ltr'><strong>cohorta-</strong></span> 
     </span>
     <span class='ocr_line' id='line_1_56' title="bbox 777 1509 1422 1549; baseline 0 -9"><span class='ocrx_word' id='word_1_266' title='bbox 777 1509 873 1540; x_wconf 74' lang='lat' dir='ltr'><strong>tione</strong></span> <span class='ocrx_word' id='word_1_267' title='bbox 884 1509 1422 1549; x_wconf 85' lang='lat' dir='ltr'><strong>eorum,quibuscumconiuncti</strong></span> 
     </span>
     <span class='ocr_line' id='line_1_57' title="bbox 777 1555 1421 1596; baseline 0.002 -10"><span class='ocrx_word' id='word_1_268' title='bbox 777 1556 859 1594; x_wconf 84' lang='lat' dir='ltr'><strong>sint,</strong></span> <span class='ocrx_word' id='word_1_269' title='bbox 884 1556 929 1586; x_wconf 83' lang='lat' dir='ltr'><strong>ad</strong></span> <span class='ocrx_word' id='word_1_270' title='bbox 943 1555 1110 1586; x_wconf 91' lang='lat' dir='ltr'><strong>maiorem</strong></span> <span class='ocrx_word' id='word_1_271' title='bbox 1130 1565 1240 1596; x_wconf 82' lang='lat' dir='ltr'><strong>usque</strong></span> <span class='ocrx_word' id='word_1_272' title='bbox 1259 1556 1421 1587; x_wconf 84' lang='lat' dir='ltr'><strong>virtutem</strong></span> 
     </span>
     <span class='ocr_line' id='line_1_58' title="bbox 777 1601 1421 1642; baseline -0.002 -9"><span class='ocrx_word' id='word_1_273' title='bbox 777 1611 818 1633; x_wconf 85' lang='lat' dir='ltr'><strong>ac</strong></span> <span class='ocrx_word' id='word_1_274' title='bbox 844 1601 1046 1632; x_wconf 86' lang='lat' dir='ltr'><strong>felicitatem</strong></span> <span class='ocrx_word' id='word_1_275' title='bbox 1077 1601 1331 1642; x_wconf 84' lang='lat' dir='ltr'><strong>perducantur3</strong></span> <span class='ocrx_word' id='word_1_276' title='bbox 1359 1602 1421 1632; x_wconf 90' lang='lat' dir='ltr'><strong>im-</strong></span> 
     </span>
     <span class='ocr_line' id='line_1_59' title="bbox 778 1647 1422 1688; baseline 0.002 -11"><span class='ocrx_word' id='word_1_277' title='bbox 778 1647 881 1688; x_wconf 74' lang='lat' dir='ltr'><strong>probi</strong></span> <span class='ocrx_word' id='word_1_278' title='bbox 907 1652 1022 1678; x_wconf 85' lang='lat' dir='ltr'><strong>autem</strong></span> <span class='ocrx_word' id='word_1_279' title='bbox 1044 1652 1149 1688; x_wconf 88' lang='lat' dir='ltr'><strong>atque</strong></span> <span class='ocrx_word' id='word_1_280' title='bbox 1171 1648 1363 1678; x_wconf 84' lang='lat' dir='ltr'><strong>lubidinosi</strong></span> <span class='ocrx_word' id='word_1_281' title='bbox 1379 1647 1422 1678; x_wconf 90' lang='lat' dir='ltr'><strong>ad</strong></span> 
     </span>
     <span class='ocr_line' id='line_1_60' title="bbox 779 1694 1423 1734; baseline -0.002 -9"><span class='ocrx_word' id='word_1_282' title='bbox 779 1698 970 1725; x_wconf 82' lang='lat' dir='ltr'><strong>extremam</strong></span> <span class='ocrx_word' id='word_1_283' title='bbox 1007 1694 1197 1734; x_wconf 88' lang='lat' dir='ltr'><strong>perniciem</strong></span> <span class='ocrx_word' id='word_1_284' title='bbox 1246 1699 1281 1724; x_wconf 93' lang='lat' dir='ltr'><strong>et</strong></span> <span class='ocrx_word' id='word_1_285' title='bbox 1319 1694 1423 1725; x_wconf 85' lang='lat' dir='ltr'><strong>mise-</strong></span> 
     </span>
     <span class='ocr_line' id='line_1_61' title="bbox 779 1739 1422 1780; baseline 0 -10"><span class='ocrx_word' id='word_1_286' title='bbox 779 1740 906 1771; x_wconf 85' lang='lat' dir='ltr'><strong>seriam</strong></span> <span class='ocrx_word' id='word_1_287' title='bbox 932 1739 1149 1771; x_wconf 87' lang='lat' dir='ltr'><strong>delabantur.</strong></span> <span class='ocrx_word' id='word_1_288' title='bbox 1209 1740 1285 1771; x_wconf 86' lang='lat' dir='ltr'><strong>Hoc</strong></span> <span class='ocrx_word' id='word_1_289' title='bbox 1313 1740 1422 1780; x_wconf 89' lang='lat' dir='ltr'><strong>igitur</strong></span> 
     </span>
     <span class='ocr_line' id='line_1_62' title="bbox 777 1786 1422 1826; baseline 0 -9"><span class='ocrx_word' id='word_1_290' title='bbox 777 1786 847 1817; x_wconf 83' lang='lat' dir='ltr'><strong>loci</strong></span> <span class='ocrx_word' id='word_1_291' title='bbox 873 1787 1166 1826; x_wconf 83' lang='lat' dir='ltr'><strong>praestantissimi</strong></span> <span class='ocrx_word' id='word_1_292' title='bbox 1179 1791 1422 1826; x_wconf 85' lang='lat' dir='ltr'><strong>argumentum</strong></span> 
     </span>
     <span class='ocr_line' id='line_1_63' title="bbox 780 1830 1422 1873; baseline -0.002 -10"><span class='ocrx_word' id='word_1_293' title='bbox 780 1836 843 1865; x_wconf 83' lang='lat' dir='ltr'><strong>est,</strong></span> <span class='ocrx_word' id='word_1_294' title='bbox 906 1830 1008 1869; x_wconf 86' lang='lat' dir='ltr'><strong>Quod</strong></span> <span class='ocrx_word' id='word_1_295' title='bbox 1048 1833 1187 1873; x_wconf 87' lang='lat' dir='ltr'><strong>quidem</strong></span> <span class='ocrx_word' id='word_1_296' title='bbox 1225 1833 1422 1864; x_wconf 85' lang='lat' dir='ltr'><strong>accuratius</strong></span> 
     </span>
     <span class='ocr_line' id='line_1_64' title="bbox 780 1878 1422 1919; baseline 0 -10"><span class='ocrx_word' id='word_1_297' title='bbox 780 1878 1044 1910; x_wconf 84' lang='lat' dir='ltr'><strong>considerantes</strong></span> <span class='ocrx_word' id='word_1_298' title='bbox 1060 1879 1160 1909; x_wconf 85' lang='lat' dir='ltr'><strong>facile</strong></span> <span class='ocrx_word' id='word_1_299' title='bbox 1174 1878 1422 1919; x_wconf 73' lang='lat' dir='ltr'><strong>intelligemuS,</strong></span> 
     </span>
     <span class='ocr_line' id='line_1_65' title="bbox 783 1924 1421 1965; baseline 0.003 -12"><span class='ocrx_word' id='word_1_300' title='bbox 783 1934 872 1965; x_wconf 88' lang='lat' dir='ltr'><strong>quae</strong></span> <span class='ocrx_word' id='word_1_301' title='bbox 888 1924 946 1954; x_wconf 81' lang='lat' dir='ltr'><strong>hic</strong></span> <span class='ocrx_word' id='word_1_302' title='bbox 962 1924 1139 1964; x_wconf 81' lang='lat' dir='ltr'><strong>disputata</strong></span> <span class='ocrx_word' id='word_1_303' title='bbox 1155 1929 1246 1963; x_wconf 88' lang='lat' dir='ltr'><strong>sunt,</strong></span> <span class='ocrx_word' id='word_1_304' title='bbox 1263 1935 1304 1956; x_wconf 91' lang='lat' dir='ltr'><strong>ea</strong></span> <span class='ocrx_word' id='word_1_305' title='bbox 1323 1935 1421 1965; x_wconf 83' lang='lat' dir='ltr'><strong>egre-</strong></span> 
     </span>
     <span class='ocr_line' id='line_1_66' title="bbox 782 1971 1421 2010; baseline 0.002 -10"><span class='ocrx_word' id='word_1_306' title='bbox 782 1971 838 2010; x_wconf 89' lang='lat' dir='ltr'><strong>gie</strong></span> <span class='ocrx_word' id='word_1_307' title='bbox 865 1971 1081 2001; x_wconf 81' lang='lat' dir='ltr'><strong>concordare</strong></span> <span class='ocrx_word' id='word_1_308' title='bbox 1101 1981 1177 2003; x_wconf 82' lang='lat' dir='ltr'><strong>eum</strong></span> <span class='ocrx_word' id='word_1_309' title='bbox 1201 1971 1421 2002; x_wconf 87' lang='lat' dir='ltr'><strong>nobilissimo</strong></span> 
     </span>
     <span class='ocr_line' id='line_1_67' title="bbox 781 2016 1421 2057; baseline 0.002 -11"><span class='ocrx_word' id='word_1_310' title='bbox 781 2016 845 2047; x_wconf 89' lang='lat' dir='ltr'><strong>illo</strong></span> <span class='ocrx_word' id='word_1_311' title='bbox 888 2017 1091 2057; x_wconf 86' lang='lat' dir='ltr'><strong>philosophi</strong></span> <span class='ocrx_word' id='word_1_312' title='bbox 1144 2017 1303 2055; x_wconf 87' lang='lat' dir='ltr'><strong>decreto,</strong></span> <span class='ocrx_word' id='word_1_313' title='bbox 1350 2027 1421 2057; x_wconf 92' lang='lat' dir='ltr'><strong>quo</strong></span> 
     </span>
     <span class='ocr_line' id='line_1_68' title="bbox 782 2062 1421 2104; baseline 0.002 -11"><span class='ocrx_word' id='word_1_314' title='bbox 782 2062 916 2094; x_wconf 87' lang='lat' dir='ltr'><strong>homini</strong></span> <span class='ocrx_word' id='word_1_315' title='bbox 943 2064 1078 2094; x_wconf 89' lang='lat' dir='ltr'><strong>censuit</strong></span> <span class='ocrx_word' id='word_1_316' title='bbox 1103 2067 1271 2104; x_wconf 84' lang='lat' dir='ltr'><strong>perpetuo</strong></span> <span class='ocrx_word' id='word_1_317' title='bbox 1286 2063 1321 2093; x_wconf 88' lang='lat' dir='ltr'><strong>id</strong></span> <span class='ocrx_word' id='word_1_318' title='bbox 1341 2073 1421 2103; x_wconf 90' lang='lat' dir='ltr'><strong>pro-</strong></span> 
     </span>
     <span class='ocr_line' id='line_1_69' title="bbox 781 2109 1421 2150; baseline 0 -11"><span class='ocrx_word' id='word_1_319' title='bbox 781 2110 934 2149; x_wconf 87' lang='lat' dir='ltr'><strong>positum</strong></span> <span class='ocrx_word' id='word_1_320' title='bbox 972 2118 1049 2140; x_wconf 87' lang='lat' dir='ltr'><strong>esse</strong></span> <span class='ocrx_word' id='word_1_321' title='bbox 1088 2114 1271 2150; x_wconf 84' lang='lat' dir='ltr'><strong>oportere,</strong></span> <span class='ocrx_word' id='word_1_322' title='bbox 1309 2114 1347 2139; x_wconf 84' lang='lat' dir='ltr'><strong>ut</strong></span> <span class='ocrx_word' id='word_1_323' title='bbox 1378 2109 1421 2140; x_wconf 83' lang='lat' dir='ltr'><strong>ad</strong></span> 
     </span>
     <span class='ocr_line' id='line_1_70' title="bbox 780 2155 1427 2196; baseline 0 -10"><span class='ocrx_word' id='word_1_324' title='bbox 780 2155 1044 2187; x_wconf 87' lang='lat' dir='ltr'><strong>similitudinem</strong></span> <span class='ocrx_word' id='word_1_325' title='bbox 1059 2166 1135 2187; x_wconf 87' lang='lat' dir='ltr'><strong>cum</strong></span> <span class='ocrx_word' id='word_1_326' title='bbox 1149 2155 1226 2187; x_wconf 92' lang='lat' dir='ltr'><strong>Deo</strong></span> <span class='ocrx_word' id='word_1_327' title='bbox 1240 2156 1427 2196; x_wconf 84' lang='lat' dir='ltr'><strong>pervenire</strong></span> 
     </span>
     <span class='ocr_line' id='line_1_71' title="bbox 782 2202 1425 2243; baseline 0 -11"><span class='ocrx_word' id='word_1_328' title='bbox 782 2202 940 2241; x_wconf 83' lang='lat' dir='ltr'><strong>studeat3</strong></span> <span class='ocrx_word' id='word_1_329' title='bbox 980 2202 1023 2233; x_wconf 88' lang='lat' dir='ltr'><strong>de</strong></span> <span class='ocrx_word' id='word_1_330' title='bbox 1048 2212 1118 2243; x_wconf 84' lang='lat' dir='ltr'><strong>qua</strong></span> <span class='ocrx_word' id='word_1_331' title='bbox 1143 2202 1217 2233; x_wconf 90' lang='lat' dir='ltr'><strong>eius</strong></span> <span class='ocrx_word' id='word_1_332' title='bbox 1250 2202 1425 2233; x_wconf 84' lang='lat' dir='ltr'><strong>sententia</strong></span> 
     </span>
     <span class='ocr_line' id='line_1_72' title="bbox 782 2247 1423 2289; baseline 0 -11"><span class='ocrx_word' id='word_1_333' title='bbox 782 2248 826 2278; x_wconf 87' lang='lat' dir='ltr'><strong>ad</strong></span> <span class='ocrx_word' id='word_1_334' title='bbox 851 2247 998 2278; x_wconf 86' lang='lat' dir='ltr'><strong>Theaet.</strong></span> <span class='ocrx_word' id='word_1_335' title='bbox 1024 2258 1057 2289; x_wconf 93' lang='lat' dir='ltr'><strong>p.</strong></span> <span class='ocrx_word' id='word_1_336' title='bbox 1085 2247 1163 2281; x_wconf 73' lang='lat'><strong>176.</strong></span> <span class='ocrx_word' id='word_1_337' title='bbox 1191 2250 1234 2278; x_wconf 81' lang='lat' dir='ltr'><strong>A.</strong></span> <span class='ocrx_word' id='word_1_338' title='bbox 1270 2248 1423 2288; x_wconf 81' lang='lat' dir='ltr'><strong>explica-</strong></span> 
     </span>
     <span class='ocr_line' id='line_1_73' title="bbox 785 2292 1426 2335; baseline 0 -11"><span class='ocrx_word' id='word_1_339' title='bbox 785 2295 907 2324; x_wconf 84' lang='lat' dir='ltr'><strong>vimus.</strong></span> <span class='ocrx_word' id='word_1_340' title='bbox 955 2292 1172 2335; x_wconf 86' lang='lat' dir='ltr'><strong>Quamquam</strong></span> <span class='ocrx_word' id='word_1_341' title='bbox 1189 2294 1246 2324; x_wconf 81' lang='lat' dir='ltr'><strong>hic</strong></span> <span class='ocrx_word' id='word_1_342' title='bbox 1260 2303 1323 2324; x_wconf 85' lang='lat' dir='ltr'><strong>nec</strong></span> <span class='ocrx_word' id='word_1_343' title='bbox 1338 2293 1426 2324; x_wconf 89' lang='lat' dir='ltr'><strong>illud</strong></span> 
     </span>
     <span class='ocr_line' id='line_1_74' title="bbox 781 2339 1426 2380; baseline 0 -10"><span class='ocrx_word' id='word_1_344' title='bbox 781 2340 912 2380; x_wconf 83' lang='lat' dir='ltr'><strong>negligi</strong></span> <span class='ocrx_word' id='word_1_345' title='bbox 939 2340 1060 2378; x_wconf 84' lang='lat' dir='ltr'><strong>debet,</strong></span> <span class='ocrx_word' id='word_1_346' title='bbox 1089 2341 1131 2371; x_wconf 86' lang='lat' dir='ltr'><strong>de</strong></span> <span class='ocrx_word' id='word_1_347' title='bbox 1157 2350 1226 2380; x_wconf 89' lang='lat' dir='ltr'><strong>quo</strong></span> <span class='ocrx_word' id='word_1_348' title='bbox 1260 2340 1329 2371; x_wconf 87' lang='lat' dir='ltr'><strong>iam</strong></span> <span class='ocrx_word' id='word_1_349' title='bbox 1363 2339 1426 2370; x_wconf 83' lang='lat' dir='ltr'><strong>ali-</strong></span> 
     </span>
     <span class='ocr_line' id='line_1_75' title="bbox 785 2386 1425 2426; baseline 0.002 -11"><span class='ocrx_word' id='word_1_350' title='bbox 785 2387 923 2426; x_wconf 87' lang='lat' dir='ltr'><strong>quoties</strong></span> <span class='ocrx_word' id='word_1_351' title='bbox 939 2387 1150 2425; x_wconf 88' lang='lat' dir='ltr'><strong>monuimus,</strong></span> <span class='ocrx_word' id='word_1_352' title='bbox 1164 2387 1201 2416; x_wconf 90' lang='lat' dir='ltr'><strong>in</strong></span> <span class='ocrx_word' id='word_1_353' title='bbox 1215 2386 1270 2416; x_wconf 88' lang='lat' dir='ltr'><strong>his</strong></span> <span class='ocrx_word' id='word_1_354' title='bbox 1290 2386 1425 2426; x_wconf 88' lang='lat' dir='ltr'><strong>Legum</strong></span> 
     </span>
     <span class='ocr_line' id='line_1_76' title="bbox 781 2431 1426 2472; baseline 0 -10"><span class='ocrx_word' id='word_1_355' title='bbox 781 2432 881 2463; x_wconf 86' lang='lat' dir='ltr'><strong>libris</strong></span> <span class='ocrx_word' id='word_1_356' title='bbox 905 2433 992 2463; x_wconf 87' lang='lat' dir='ltr'><strong>talia</strong></span> <span class='ocrx_word' id='word_1_357' title='bbox 1014 2432 1090 2463; x_wconf 81' lang='lat' dir='ltr'><strong>sere</strong></span> <span class='ocrx_word' id='word_1_358' title='bbox 1113 2431 1156 2463; x_wconf 87' lang='lat' dir='ltr'><strong>ad</strong></span> <span class='ocrx_word' id='word_1_359' title='bbox 1183 2436 1322 2472; x_wconf 83' lang='lat' dir='ltr'><strong>captum</strong></span> <span class='ocrx_word' id='word_1_360' title='bbox 1341 2432 1426 2463; x_wconf 82' lang='lat' dir='ltr'><strong>civi-</strong></span> 
     </span>
     <span class='ocr_line' id='line_1_77' title="bbox 780 2478 1430 2509; baseline 0.002 -1"><span class='ocrx_word' id='word_1_361' title='bbox 780 2488 838 2508; x_wconf 91' lang='lat' dir='ltr'><strong>um</strong></span> <span class='ocrx_word' id='word_1_362' title='bbox 864 2488 1081 2509; x_wconf 89' lang='lat' dir='ltr'><strong>communem</strong></span> <span class='ocrx_word' id='word_1_363' title='bbox 1107 2478 1368 2509; x_wconf 86' lang='lat' dir='ltr'><strong>accommodate</strong></span> <span class='ocrx_word' id='word_1_364' title='bbox 1394 2482 1430 2509; x_wconf 85' lang='lat' dir='ltr'><strong>et</strong></span> 
     </span>
     <span class='ocr_line' id='line_1_78' title="bbox 780 2524 1427 2565; baseline 0 -11"><span class='ocrx_word' id='word_1_365' title='bbox 780 2524 943 2564; x_wconf 86' lang='lat' dir='ltr'><strong>populari</strong></span> <span class='ocrx_word' id='word_1_366' title='bbox 958 2526 1094 2556; x_wconf 87' lang='lat' dir='ltr'><strong>ratione</strong></span> <span class='ocrx_word' id='word_1_367' title='bbox 1114 2525 1281 2565; x_wconf 86' lang='lat' dir='ltr'><strong>explicari</strong></span> <span class='ocrx_word' id='word_1_368' title='bbox 1301 2525 1427 2556; x_wconf 79' lang='lat' dir='ltr'><strong>solere.</strong></span> 
     </span>
     <span class='ocr_line' id='line_1_79' title="bbox 781 2570 1424 2611; baseline 0 -10"><span class='ocrx_word' id='word_1_369' title='bbox 781 2570 921 2601; x_wconf 87' lang='lat' dir='ltr'><strong>Etenim</strong></span> <span class='ocrx_word' id='word_1_370' title='bbox 944 2572 1094 2611; x_wconf 89' lang='lat' dir='ltr'><strong>primum</strong></span> <span class='ocrx_word' id='word_1_371' title='bbox 1120 2571 1259 2611; x_wconf 87' lang='lat' dir='ltr'><strong>quidem</strong></span> <span class='ocrx_word' id='word_1_372' title='bbox 1289 2581 1333 2601; x_wconf 87' lang='lat' dir='ltr'><strong>ne</strong></span> <span class='ocrx_word' id='word_1_373' title='bbox 1357 2570 1424 2601; x_wconf 88' lang='lat' dir='ltr'><strong>hoc</strong></span> 
     </span>
     <span class='ocr_line' id='line_1_80' title="bbox 783 2616 1425 2658; baseline 0 -11"><span class='ocrx_word' id='word_1_374' title='bbox 783 2616 930 2658; x_wconf 79' lang='lat' dir='ltr'><strong>quidem</strong></span> <span class='ocrx_word' id='word_1_375' title='bbox 948 2617 1027 2649; x_wconf 90' lang='lat' dir='ltr'><strong>loco</strong></span> <span class='ocrx_word' id='word_1_376' title='bbox 1059 2619 1161 2648; x_wconf 76' lang='lat' dir='ltr'><strong>unius</strong></span> <span class='ocrx_word' id='word_1_377' title='bbox 1192 2617 1288 2648; x_wconf 84' lang='lat' dir='ltr'><strong>illius</strong></span> <span class='ocrx_word' id='word_1_378' title='bbox 1320 2622 1425 2657; x_wconf 84' lang='lat' dir='ltr'><strong>atque</strong></span> 
     </span>
     <span class='ocr_line' id='line_1_81' title="bbox 781 2662 1425 2704; baseline 0 -11"><span class='ocrx_word' id='word_1_379' title='bbox 781 2663 907 2694; x_wconf 88' lang='lat' dir='ltr'><strong>summi</strong></span> <span class='ocrx_word' id='word_1_380' title='bbox 931 2662 997 2695; x_wconf 91' lang='lat' dir='ltr'><strong>Dei</strong></span> <span class='ocrx_word' id='word_1_381' title='bbox 1022 2665 1233 2695; x_wconf 86' lang='lat' dir='ltr'><strong>mentionem</strong></span> <span class='ocrx_word' id='word_1_382' title='bbox 1249 2663 1334 2695; x_wconf 85' lang='lat' dir='ltr'><strong>facit</strong></span> <span class='ocrx_word' id='word_1_383' title='bbox 1348 2663 1425 2704; x_wconf 88' lang='lat' dir='ltr'><strong>phi-</strong></span> 
     </span>
     <span class='ocr_line' id='line_1_82' title="bbox 783 2709 1424 2751; baseline -0.002 -12"><span class='ocrx_word' id='word_1_384' title='bbox 783 2709 971 2750; x_wconf 83' lang='lat' dir='ltr'><strong>losophus,</strong></span> <span class='ocrx_word' id='word_1_385' title='bbox 1008 2720 1108 2751; x_wconf 85' lang='lat' dir='ltr'><strong>quem</strong></span> <span class='ocrx_word' id='word_1_386' title='bbox 1153 2709 1236 2741; x_wconf 84' lang='lat' dir='ltr'><strong>alibi</strong></span> <span class='ocrx_word' id='word_1_387' title='bbox 1286 2710 1424 2740; x_wconf 81' lang='lat' dir='ltr'><strong>statuit:</strong></span> 
     </span>
    </p>
   </div>
   <div class='ocr_carea' id='block_1_22' title="bbox 1458 544 1495 584">
    <p class='ocr_par' dir='ltr' id='par_1_22' title="bbox 1458 544 1495 584">
     <span class='ocr_line' id='line_1_83' title="bbox 1458 544 1495 584; baseline -0.027 0"><span class='ocrx_word' id='word_1_388' title='bbox 1458 544 1495 584; x_wconf 75' lang='lat' dir='ltr'>B</span> 
     </span>
    </p>
   </div>
  </div>
 </body>
</html>
