1781 2971
427 158 803 201 EPlNOMIS.
849 159 895 199 P.
929 159 1023 199 987.
1058 159 1122 202 St.
1372 159 1451 198 517

102 278 172 321 διὰ
215 276 262 321 τὸ
292 278 352 333 μὴ
389 276 728 332 γιγνώσκεσθαι,
766 276 929 319 τούτου
966 276 1002 320 δ’
1046 275 1239 325 αἵτιοςὸ
1280 277 1452 332 πρῶτος

102 347 244 388 ταῦτα
292 347 483 389 κατιδων
524 345 752 401 βάρβαρος
788 345 871 387 ὤν·
913 344 1103 394 παλαιὸς
1137 344 1221 398 γὰρ
1260 342 1309 395 δὴ
1350 343 1453 397 τρό-

101 431 186 463 πος
222 417 392 473 ἔθρεψε
433 411 536 461 τοὺς
583 412 785 466 πρώτους
824 414 966 454 ταῦτα
1012 411 1332 463 ἐννοήσαντας,
1379 410 1451 453 διὰ

102 478 150 524 τὸ
199 481 358 530 κάλλος
395 482 471 532 τῆς
518 481 704 535 θερινῆς
745 478 886 534 ὥρας,
936 478 990 532 ἣν
1026 478 1253 532 Αἴγυπτός
1288 495 1332 520 τε
1379 482 1451 520 καὶ
1481 480 1561 520 987

101 550 250 602 Συρία
276 550 435 597 ἱκανῶς
458 557 672 598 κεκτηται,
710 546 932 604 φανεροὺς
954 552 1046 602 μέν,
1083 544 1141 596 ὡς
1176 550 1279 595 ἔπος
1302 550 1450 595 εἰπεῖν,

99 615 286 670 ἀστέρας
321 615 388 658 ἀεὶ
424 615 681 669 ξύμπαντας
715 616 1033 669 καθορῶντας,
1071 612 1150 656 ἅτε
1192 614 1339 672 νεφῶν
1376 614 1448 655 καὶ

101 750 254 780 editores
281 754 466 779 tenuerunt
498 746 612 783 τόπος,
642 749 744 778 etiam
771 748 992 778 anieenses.

195 795 232 826 P.
259 794 338 828 987.
390 794 454 824 καὶ
483 792 618 833 Συρία
644 792 798 824 ἱκανῶς
825 794 947 834 nean]
978 793 1030 822 καὶ
1058 790 1169 831 Συρία
1196 788 1236 821 θ’
1264 790 1389 820 ἱκανῶς
1405 792 1447 821 A.

103 839 142 872 Ω.
171 842 208 873 Ξ.
234 850 260 873 r.
287 850 319 870 x.
349 840 453 871 Voss.
479 840 573 870 Flor.
599 850 630 871 a.
658 851 686 871 c.
713 838 740 870 δ.
770 851 798 870 ο.
843 839 946 877 Quod
974 840 1055 870 licet
1089 838 1280 878 susceperit
1304 836 1448 868 Schnei-

99 887 215 923 derus,
246 892 361 917 tamen
394 896 463 917 non
496 886 678 917 serendum
711 894 885 926 putamus.
920 896 950 916 v.
986 886 1030 916 ad
1063 884 1153 915 Plat.
1183 883 1275 916 Prot.
1302 894 1336 923 p.
1368 883 1446 916 317.

100 933 146 965 D.
176 939 210 965 et
243 933 377 963 Phileb.
406 943 437 973 p.
465 931 518 965 47.
548 932 589 962 B.
616 933 667 963 ed.
693 930 800 963 Goth.
851 932 1005 963 Facilius
1042 932 1270 962 toleraremus
1297 929 1351 960 καὶ
1377 928 1447 960 Συ-

101 981 156 1020 ρία
182 975 214 1010 δ’
241 979 381 1012 ἱκανῶς,
408 979 498 1009 unde
524 979 691 1009 librorum
717 979 899 1010 lectionem
927 983 1039 1009 ortam
1066 988 1142 1009 esse
1173 977 1402 1017 suspicamur.

147 1088 326 1122 παλαιὸς
371 1088 444 1131 γάρ
486 1089 532 1130 δὴ
576 1087 735 1129 τρόπος

101 1137 213 1178 ἒθρ.]
242 1137 300 1168 Sic
333 1137 412 1167 libri
444 1137 734 1177 praestantissimi

102 1193 164 1223 pro
201 1185 296 1224 vulg.
335 1181 456 1218 τόπος,
500 1183 593 1224 quod
630 1193 735 1213 sensu

100 1240 237 1261 cassum
264 1239 340 1260 esse
362 1230 484 1270 liquet,
512 1234 547 1259 ut
573 1229 736 1259 miremur

100 1277 187 1307 illud
212 1277 349 1307 etiama
369 1276 511 1316 nuperis
537 1275 644 1306 libelli
663 1275 735 1305 edi—

100 1323 234 1354 toribus
260 1322 473 1360 Bekkero‚
500 1320 735 1352 Schneide-

100 1379 156 1408 ro,
180 1369 438 1408 Hermanno,
460 1373 632 1399 retentum
654 1378 740 1398 esse.

99 1414 318 1456 Quamquam
345 1415 422 1445 loco
451 1415 553 1445 etiam
585 1414 654 1444 alia
679 1415 739 1445 ad-

99 1462 215 1492 haesit
245 1461 399 1499 macula,
428 1471 530 1501 quam
558 1460 740 1491 eluendam

99 1518 279 1539 censemus
328 1507 533 1538 scribendo:
589 1505 740 1547 ἔθρεψεν

99 1555 268 1606 αὐτοὺς
301 1562 460 1603 πρώτους
485 1575 510 1595 τ.
538 1562 611 1594 ἐντ’.

99 1631 188 1652 mos
216 1627 413 1653 vetustus
440 1621 511 1651 hos
537 1621 735 1661 (barbaros)

100 1668 262 1708 primos
288 1669 401 1699 aluit
427 1668 572 1698 harum
595 1678 733 1698 rerum

99 1713 424 1752 observatores,
461 1718 639 1754 propter
672 1725 733 1745 ae—

99 1759 209 1791 stivi
233 1761 446 1802 temporis
473 1758 730 1800 pulcritudi-

100 1815 208 1845 nem,
236 1817 316 1847 qua
348 1808 571 1846 Aegyptus
597 1813 637 1837 et
663 1805 733 1847 Sy-

99 1853 165 1882 ria
191 1854 362 1891 gaudet,
389 1858 579 1892 apertas,
606 1860 649 1883 ut
674 1854 735 1884 ita

100 1898 249 1937 dicam,
281 1899 435 1929 stellas
462 1899 734 1938 conspicien-

100 1950 166 1975 tes
193 1949 256 1975 etr.
288 1944 462 1975 Nimirum
490 1945 538 1975 ita
563 1945 737 1984 significa-

99 1995 173 2029 tur,
199 1991 453 2031 antiquissimis
479 1991 546 2020 iam
573 1991 737 2028 tempori-

100 2037 163 2067 bus
197 2037 314 2068 sidera
348 2038 382 2067 in
411 2037 481 2067 illis
514 2037 601 2077 ipsis
634 2037 736 2066 terris

100 2082 286 2114 observata
310 2093 398 2121 esse,
426 2093 514 2122 qnae
538 2093 557 2113 a
576 2083 736 2113 barbaris

99 2135 215 2160 essent
239 2129 469 2168 inhabitatae,
498 2129 648 2170 indeque
674 2138 735 2159 no-

99 2176 202 2206 minis
235 2175 507 2207 inconstantiam
538 2185 614 2206 esse
640 2185 735 2215 repe-

99 2222 250 2255 tendam.
308 2221 363 2252 De
397 2231 433 2252 re
474 2221 552 2261 ipsa
584 2222 737 2252 Astius

100 2272 179 2307 apte
212 2268 360 2299 contulit
388 2266 523 2299 Cic-er.
561 2267 615 2298 De
648 2267 736 2298 divi-

100 2317 170 2343 nat.
196 2313 281 2346 1.1.
319 2313 584 2354 „Principio
611 2314 737 2354 Assy-

101 2359 172 2397 rii,
207 2364 252 2389 ut
276 2360 324 2390 ab
351 2360 524 2390 ultimis
549 2361 738 2391 auctori-

102 2405 267 2436 tatibus
309 2411 523 2446 repetam,
560 2411 739 2447 propter

101 2451 332 2492 planitiem
370 2452 738 2491 magnitudinem-

101 2507 181 2538 que
207 2498 447 2537 regionum,
482 2507 588 2537 quas
622 2499 737 2529 inco-

102 2543 261 2583 lebant,
289 2554 413 2584 quum
440 2543 604 2574 coelum
631 2554 678 2575 ex
702 2554 738 2575 o-

103 2591 187 2620 mni
218 2594 342 2630 parte
374 2592 525 2629 patens
553 2594 590 2620 et
621 2600 738 2631 aper-

104 2636 495 2673 tumintuerentnr,
515 2637 738 2667 traiectio-

103 2691 178 2713 nes
227 2687 457 2722 motusque
509 2682 739 2713 stellarum

102 2727 493 2765 observaverunt3
553 2728 739 2768 quibus

104 2775 272 2805 notatis
300 2774 401 2815 quid
429 2774 587 2815 cuique
611 2774 740 2813 signi-

647 1574 738 1595 nan]

806 1090 1048 1129 ficaretur,
1085 1089 1315 1121 memoriae
1353 1098 1447 1128 pro-

806 1136 1038 1169 diderunt.
1065 1154 1101 1159 -
1157 1134 1348 1166 Eandem
1385 1144 1446 1165 ar-

805 1187 887 1212 tem
930 1184 1059 1214 etiam
1097 1181 1306 1222 Aegyptii
1357 1180 1445 1210 lon-

805 1229 1065 1269 ginquitate
1108 1234 1352 1267 temporum
1389 1227 1446 1257 in-

806 1274 1164 1306 numerabilibus
1197 1283 1331 1314 paene
1357 1283 1445 1304 sae-

805 1321 920 1352 culis
956 1321 1182 1353 consecuti
1215 1324 1444 1360 putantur.

859 1391 999 1424 1298?
1049 1387 1117 1421 ἅτε
1143 1388 1286 1427 νεφῶν
1312 1405 1348 1409 -
1381 1398 1445 1417 κα-

810 1436 1018 1479 ια’)κισμέι
1030 1435 1127 1476 ους]
1184 1429 1320 1465 Pendet
1384 1434 1446 1464 τοῦ

809 1481 943 1521 κόσμου
977 1493 1018 1514 ex
1056 1482 1173 1521 νεφῶν
1207 1481 1260 1511 καὶ
1301 1476 1445 1514 υδάτιιηυ

808 1535 853 1563 ut
869 1531 1032 1582 iunctura
1059 1529 1243 1560 verborum
1270 1527 1355 1557 haee
1385 1527 1446 1558 sit:

806 1573 862 1606 ἅτε
887 1571 938 1606 ἀεὶ
978 1573 1252 1618 κατωκισμὲιοις
1287 1569 1445 1611 ἀπόπρο-

807 1621 895 1652 σθεν
920 1623 1038 1661 ιεφῑῦν
1066 1622 1118 1652 καὶ
1148 1616 1281 1651 &Britan
1305 1620 1367 1649 τοῦ
1384 1616 1441 1649 κό-

807 1678 911 1706 σμου
944 1674 1097 1709 utpote
1133 1666 1286 1707 procul
1325 1676 1345 1696 a
1378 1675 1441 1696 ne-

806 1715 924 1746 bulis
951 1720 992 1745 et
1017 1714 1180 1756 pluviis
1214 1712 1326 1743 coeli
1359 1712 1441 1742 col-

806 1762 989 1792 locatos.
1041 1761 1096 1792 Ita
1121 1758 1251 1795 ndouos
1276 1759 1317 1788 (le
1344 1758 1441 1788 coelo

807 1807 897 1839 Plat.
927 1807 1016 1838 Tim.
1043 1818 1063 1848 p
1101 1805 1223 1839 2813
1267 1802 1287 1834 ό
1313 1801 1353 1844 δὴ
1381 1800 1440 1834 ου’·

807 1851 913 1892 ρανὸς
939 1850 960 1893 ἢ
986 1850 1116 1892 κόσμος
1144 1848 1163 1893 ἦ
1195 1849 1273 1882 ἄλλο
1302 1862 1328 1881 τι
1363 1847 1441 1881 0⁷10-

805 1897 1005 1939 μαζόμειος,
1032 1900 1166 1930 Isocr
1194 1909 1224 1939 p
1245 1897 1298 1930 78.
1323 1895 1361 1928 C.
1379 1897 1442 1937 γῆς

805 1941 939 1985 ἁπάσης
965 1946 1024 1985 τῆς
1049 1941 1117 1976 ὑπὸ
1146 1944 1191 1985 τῷ
1226 1941 1342 1983 κόσμῳ
1376 1954 1440 1973 κει-

805 1991 916 2031 μένης.
955 1991 1137 2021 Diodor.
1179 1989 1259 2019 Sic,
1297 1989 1349 2018 lli.
1385 1989 1441 2021 56.

808 2037 863 2069 60.
890 2036 943 2069 61.
995 2036 1105 2068 Usum
1134 2035 1303 2075 loquendi
1330 2045 1349 2065 a
1376 2035 1443 2075 Py-

805 2083 954 2122 thagora
978 2087 1142 2123 repetunt
1159 2082 1282 2121 Diog
1299 2081 1442 2112 Laert.

808 2128 980 2162 ῑ111.48.
1016 2129 1140 2159 τοίγ’τοι
1167 2127 1443 2181 (Pythagoram)

807 2171 825 2204 ὁ
860 2173 1067 2215 Φαβωρῖνός
1103 2184 1187 2215 φησι
1214 2193 1251 2197 ——
1287 2171 1347 2203 tor
1382 2184 1441 2204 ου-

807 2219 914 2259 ραᾙὸν
940 2223 1075 2262 πρώϊον
1108 2233 1146 2252 01¹
1152 2229 1274 2259 Ομασαί
1301 2229 1441 2258 κθσμΟῬ.

807 2266 967 2308 Scriptor
1003 2268 1108 2299 Vitae
1150 2266 1341 2307 Pythagor.
1387 2276 1443 2306 ap.

809 2313 909 2345 Phot
958 2313 1048 2346 Bibl
1085 2324 1117 2354 p
1155 2312 1236 2347 440.
1272 2312 1327 2344 27.
1392 2309 1442 2342 ὅτι

808 2360 942 2398 πρῶτος
964 2357 1181 2411 Πυθαγόρας
1202 2356 1260 2389 τὸι
1286 2369 1328 2388 οι
1335 2355 1442 2397 parav

808 2403 937 2444 κόσμοι
971 2404 1263 2446 προςηγόρεισει
1325 2407 1442 2446 Atque

806 2453 952 2483 eundem
978 2453 1080 2483 etiam
1114 2453 1312 2486 universum
1344 2461 1441 2482 mun·

807 2499 887 2529 dum
906 2499 955 2529 ita
981 2498 1111 2529 dixisse
1138 2502 1285 2532 constat.
1313 2497 1443 2528 Errore

808 2550 921 2575 ortum
948 2544 1099 2584 videtur,
1125 2545 1217 2585 quod
1238 2544 1274 2574 in
1301 2545 1442 2584 optimis

807 2591 908 2621 codd.
941 2600 1004 2630 pro
1043 2590 1315 2632 κατῳκισμένους
1357 2591 1438 2621 scri—

806 2642 901 2677 ptum
961 2637 1144 2668 exhibetur
1203 2635 1440 2676 κεκτημένους,

807 2683 901 2724 quod
933 2693 997 2714 nee
1028 2683 1186 2724 perpetui
1225 2683 1367 2714 illorum
1400 2683 1440 2713 li-

806 2730 947 2761 brorum
974 2733 1165 2760 sectatores
1188 2730 1343 2771 recipere
1367 2734 1442 2763 ausi

808 2781 898 2806 sunt.
937 2774 1109 2807 Nimirum
1133 2776 1202 2808 hoc
1215 2785 1357 2817 quoque
1384 2784 1441 2806 ex-
