1781 2971
300 170 382 212 DE
420 168 694 212 LEGIBUS
736 169 851 210 Llss.
885 168 968 210 XI.
1005 169 1050 210 P.
1082 169 1179 211 931.
1213 167 1276 211 St.
1383 169 1462 210 305

107 291 230 343 ἔχων,
262 289 436 342 μᾶλλον
455 287 608 343 κύριον
632 289 831 337 ἔσεσθαι,
864 285 943 328 ἐὰν
981 283 1033 337 δὴ
1070 284 1183 327 κατὰ
1218 284 1387 342 τρόπον
1417 302 1462 339 γε

108 354 267 409 ὀρθῶς
302 353 413 397 αὐτὸ
451 353 685 414 θεραπεύῃ
721 353 743 397 ὸ
781 357 1052 408 κεκτημένος.

389 424 499 464 Τίνα
537 420 590 473 δὴ
627 421 710 472 τὴν
747 420 986 477 ὀρθότητα
1024 418 1135 462 εἶναι
1170 408 1388 476 ([ροὶζειςς,

207 422 312 466 ΚΛ,

210 490 306 532 ΑΘ.
373 487 475 543 Ἐγώ
525 489 627 544 ἐρῶ·
679 491 750 531 καὶ
796 488 883 543 γὰρ
928 480 1008 531 οὖν
1053 484 1202 538 ἄξιον,
1248 480 1279 527 ὦ
1327 488 1462 545 φίλοι,

105 553 285 597 ἀκούειν
321 553 374 597 τά
412 572 458 608 γε
493 554 544 606 δὴ
584 557 786 598 τοιαῦτα.

204 623 307 664 ΑΚ.
376 625 488 676 Λέγε
524 621 679 677 μόνον.

208 690 306 731 ΑΘ.
381 691 609 739 Οἰδίπους,
667 695 837 745 φαμέν,
1246 685 1459 738 ἐπεύξατο

106 763 197 804 τοῖς
244 753 386 799 αὑτοῦ
436 761 601 804 τέκνοις
643 753 670 796 ἃ
710 753 763 805 δὴ
798 758 870 796 καὶ
918 755 1006 803 πᾶς
1052 751 1180 807 ὑμνεῖ
1223 756 1342 795 τέλεα
1387 756 1460 795 καὶ

104 821 273 873 ἐπήκοα
311 824 525 874 γενέσθαι
561 820 683 877 παρὰ
723 823 869 871 θεῶν,
904 818 1159 876 Ἀμύντορά
1199 836 1244 863 τε
1283 822 1461 862 Φοίνικι

104 889 162 942 τῷ
203 890 365 931 ἑαυτοῦ
402 887 728 944 ἐπαράσασθαι
765 890 888 930 παιδὶ
915 889 1200 941 θυμωθέντα
1228 885 1461 930 καὶἹππο-

103 954 215 1009 λύτῳ
255 956 399 1007 Θησέα
437 958 509 998 καὶ
546 959 718 1011 ἑτέρους
763 953 930 1004 ἄλλους
963 958 1146 1010 μυρίους
1175 957 1362 1010 μυρίοις,
1401 947 1463 996 ὧν

102 1029 250 1075 γέγονε
286 1025 426 1080 σαφὲς
460 1023 676 1076 ἐπηκόους
709 1022 822 1065 εἶναι
854 1024 1032 1076 γονεῦσι
1068 1020 1179 1076 πρὸς
1216 1026 1342 1063 τέκνα
1381 1024 1461 1065 θε-

103 1088 204 1138 ούς·
253 1087 412 1145 ἀραῖος
453 1089 540 1145 γάρ
584 1087 738 1143 γονεὺς
787 1087 985 1144 ἐκγόνοις
1029 1087 1085 1139 ὡς
1131 1087 1275 1137 οὐδεὶς
1313 1093 1461 1145 ἕτερος

102 1152 268 1207 ἄλλοις,
304 1155 581 1200 δικαιότατα.
620 1156 680 1211 μὴ
718 1156 771 1209 ὁή
810 1173 876 1206 τις
917 1156 1226 1211 ἀτιμαζομένῳ
1249 1157 1330 1210 μὲν
1364 1157 1462 1198 δια-

903 686 1175 740 ἀτιμασθεὶς

190 1266 232 1297 Β.
283 1264 597 1307 ἐπαράσασθαι
633 1265 776 1307 παιδὶ]
811 1266 883 1297 Pro
923 1266 1017 1306 vulg.
1058 1264 1255 1307 ἐπαρᾶσθαι
1290 1266 1462 1297 aoristum

101 1321 177 1343 cum
210 1322 298 1344 corr.
340 1310 378 1343 Ω.
413 1313 649 1354 praebuerunt
677 1313 839 1344 Vaticani
870 1312 893 1344 f.
922 1322 948 1342 r.
982 1321 1081 1353 quem
1115 1322 1186 1342 non
1223 1311 1461 1343 dubitavimus

102 1359 180 1390 aliis
207 1361 311 1390 etiam
337 1359 588 1399 praeeuntibus
616 1359 765 1391 reddere
797 1358 947 1390 Platoni.

195 1404 234 1436 C.
285 1402 439 1446 α’ραῖος
468 1403 545 1447 γὰρ
583 1403 763 1448 γονεὺς]
794 1405 863 1436 Pro
890 1400 1030 1445 ἀραῖος,
1056 1402 1150 1444 quod
1176 1407 1318 1434 tuentur
1347 1404 1384 1434 A.
1420 1401 1458 1434 Ω.

104 1500 194 1527 mate
220 1499 334 1527 ortum
362 1500 470 1536 putat.
521 1495 615 1527 ldem
642 1496 748 1528 etiam

106 1539 226 1583 ὀρθῶς
257 1547 337 1582 post
361 1540 442 1573 κατὰ
477 1540 607 1582 τρόπον
639 1543 748 1573 deleri

104 1589 218 1627 iubet,
253 1590 335 1628 quia
371 1583 493 1630 ὀρθῶς
518 1589 609 1619 idem
635 1589 746 1629 signi-

103 1634 182 1666 ficet
195 1635 289 1675 quod
314 1632 397 1665 κατὰ
421 1631 560 1676 τρόπον,
586 1639 624 1665 ut
648 1635 747 1675 Reip.

104 1679 135 1720 ξ.
163 1680 225 1713 ΙΧ.
252 1690 286 1720 p.
301 1680 381 1714 581.
400 1682 445 1711 A.
481 1678 552 1712 Sed
567 1691 630 1712 nec
646 1682 748 1721 plane

104 1727 195 1757 idem
223 1727 399 1766 significat
423 1731 622 1768 utrumque,
643 1732 678 1758 et
699 1727 748 1758 al-

104 1778 215 1804 terum
235 1773 338 1804 alteri
365 1771 401 1804 ὲκ
415 1770 631 1814 παραλλήλου
648 1773 748 1805 addi-

104 1824 176 1849 tum
203 1823 267 1850 est.

149 1864 190 1895 B.
218 1861 450 1900 Οἰδίπους,
477 1862 630 1903 φαμέν,
667 1859 745 1894 ἀτι-

105 1909 295 1948 μασθεὶς
318 1912 384 1948 —1
422 1911 514 1941 Ante
549 1910 668 1941 omnia
709 1910 745 1939 in

108 1956 161 1987 his
194 1957 387 1986 notandum
419 1956 655 1987 anacoluthon
683 1960 745 1986 est.

105 2001 193 2033 Nam
226 2003 261 2032 in
300 2003 417 2042 priore
453 2002 607 2033 membro
641 2011 746 2042 quum

107 2046 220 2086 φαμέν
245 2048 291 2078 sit
315 2047 606 2088 parentheticum,
632 2052 748 2077 tamen

106 2094 187 2124 inde
212 2094 254 2124 ab
280 2089 468 2134 Ἀμύντορά
495 2104 527 2124 τε
561 2092 692 2124 Φοίνικι
721 2103 748 2122 κ.

109 2150 134 2170 τ.
160 2140 187 2171 λ.
215 2141 437 2171 accusativus
464 2149 541 2170 cum
571 2140 748 2170 infinitivo

108 2188 268 2226 ponitur,
297 2186 442 2226 perinde
468 2196 509 2216 ac
535 2186 564 2216 si
590 2186 681 2216 idem
706 2185 748 2215 il—

106 2232 167 2262 lud
197 2231 338 2263 verbum
365 2232 639 2273 parentheticum
675 2231 748 2261 fuc-

108 2279 153 2308 rit
179 2278 389 2318 principale,
421 2288 462 2309 ex
495 2288 565 2318 quo
591 2278 748 2317 reliquae

109 2323 279 2354 orationis
311 2328 486 2355 structura
517 2328 600 2364 apta
631 2324 676 2354 sit
707 2333 748 2354 ac

109 2379 290 2409 suspensa.
321 2388 357 2392 —-
404 2369 466 2400 καὶ
501 2369 578 2401 πᾶς
615 2366 745 2408 ὑμνεῖ,

109 2416 330 2454 decantat,
379 2416 422 2446 in
473 2426 554 2447 ore
600 2416 744 2454 habet,

112 2465 279 2502 crepat3
307 2473 337 2492 v.
352 2460 572 2493 Ruhnken.
592 2462 636 2492 ad
652 2462 744 2493 Tim.

109 2517 141 2548 p.
155 2506 233 2540 263.
257 2523 299 2535 -ο
325 2507 379 2537 De
404 2507 489 2538 diris
516 2506 642 2548 Oedipi
669 2508 744 2539 noti

91 2557 190 2585 ,sunt
224 2553 292 2584 loci
322 2553 521 2593 Aeschyl.
547 2551 644 2593 Sept.
668 2554 747 2585 adv.

109 2599 220 2630 Theb.
256 2610 288 2629 v.
314 2598 507 2632 701-715.
543 2597 746 2640 Sophocl.

111 2643 371 2678 Oed.Cc'›1.1440
381 2645 492 2685 sqq.E
503 2646 563 2675 uri
576 2645 748 2686 p.Phoeu.

111 2701 141 2721 v.
170 2690 226 2724 67.
275 2691 446 2722 Fabulam
480 2691 522 2721 de
554 2692 748 2732 Amyntore

111 2740 145 2766 et
179 2735 359 2769 Phoenice
394 2741 548 2768 tractant
582 2737 748 2768 Homer.

111 2781 215 2813 Iliad.
251 2782 310 2815 lX.
348 2794 378 2813 v.
412 2782 479 2816 446
514 2793 588 2822 sqq.
624 2784 680 2813 ubi
717 2794 746 2816 v,

156 2839 240 2870 Plat.
272 2838 359 2881 Opp.
390 2840 466 2870 Vol.
497 2839 535 2871 X.
565 2838 655 2870 Sect.
684 2839 747 2873 111.

817 1497 929 1536 intpp.
958 1493 1216 1535 Apollodor.
1253 1494 1309 1526 lll.
1338 1494 1398 1533 13,
1425 1494 1457 1528 8.

815 1542 861 1573 ad
886 1550 988 1582 quem
1016 1539 1109 1571 conf.
1129 1539 1315 1593 Heynium.
1339 1540 1458 1572 Schol.

814 1588 856 1619 nd
884 1587 916 1618 h.
943 1587 965 1619 l.
1006 1585 1126 1625 Φοῖνιξ
1138 1580 1368 1640 Ἀμύντορος.
1397 1597 1458 1617 ου-

818 1641 876 1664 103
909 1632 1043 1671 τυφλοῦ
1047 1642 1095 1662 ται
1126 1628 1195 1662 ὑπὸ
1223 1632 1286 1675 τοῦ
1314 1629 1456 1674 πατρός.

818 1678 1037 1718 κατεψεύσθη
1073 1675 1136 1719 γὰρ
1175 1670 1289 1730 πρὸς.
1297 1675 1359 1709 τόν
1394 1689 1456 1710 πα-

818 1736 896 1767 τερα
922 1721 992 1755 {nd
1021 1723 1146 1760 Φθιας,
1173 1723 1232 1763 τῆς
1251 1720 1295 1754 αι’
1300 1725 1361 1756 τοῦ
1378 1725 1458 1756 παλ-

817 1771 936 1812 λακῆς,
979 1767 1029 1801 ὅτι
1067 1767 1109 1811 δὴ
1147 1769 1329 1812 πειραθείη
1373 1769 1460 1812 πρὸς

817 1815 923 1859 ειίνὴν
956 1812 1043 1857 αὐτῇ
1078 1815 1275 1854 συνελθεῖν,
1310 1816 1397 1849 ἰᾶται
1424 1815 1460 1847 δὲ

817 1862 887 1895 ὑπὸ
921 1862 1102 1904 Χειρωως
1138 1861 1277 1903 Πηλέως
1312 1862 1458 1904 σπουδῇ.

817 1908 836 1941 ὁ
879 1909 915 1940 δὲ
949 1906 1120 1950 Ἀμύντωρ
1164 1907 1355 1949 κατει’χεται
1398 1906 1460 1940 αύ-

819 1956 896 1987 τοῦ
936 1953 1094 1995 μήποτε
1135 1952 1352 1996 γούνασιν
1403 1958 1443 1986 οἱ

819 2012 885 2033 σιι1
945 1999 1265 2040 ἐφέσσεσθαι

817 2045 926 2079 υἱον.
967 2044 984 2077 ὃ
1029 2043 1070 2087 δὴ
1108 2045 1245 2088 )έγονε·
1291 2047 1344 2077 καὶ
1393 2044 1458 2088 γὰρ

816 2094 895 2125 θεοὶ
923 2091 1067 2124 ἐτέλειον
1100 2090 1239 2133 ἐπαράέ.
1291 2093 1345 2124 De
1371 2093 1459 2134 Hip-

815 2141 936 2181 polyto
951 2139 1082 2171 Thesei
1109 2139 1183 2170 filio
1201 2139 1376 2180 huiusque
1396 2141 1459 2170 im-

815 2186 1100 2228 precationibus,
1138 2197 1170 2218 v.
1208 2185 1330 2226 Eurip.
1370 2186 1458 2226 Hip-

816 2234 924 2274 polyt.
963 2243 995 2262 v.
1023 2231 1068 2264 24
1130 2230 1184 2264 46.
1216 2242 1247 2262 v.
1281 2230 1348 2265 887
1382 2242 1457 2272 sqq.

817 2278 906 2313 1306
943 2289 1016 2319 sqq.
1059 2277 1151 2310 1359
1191 2288 1267 2318 sqq.
1314 2275 1459 2307 Ovid.

815 2326 944 2356 Metam
983 2323 1066 2354 XV.
1091 2321 1349 2357 v.497-549.
1379 2323 1460 2363 Hy·

815 2372 897 2411 giu.
930 2369 1016 2401 Fab.
1053 2368 1108 2403 47.
1152 2369 1336 2401 Diodor.
1376 2367 1458 2400 Sic.

813 2417 874 2448 IV.
897 2416 952 2450 64.
972 2414 1178 2447 Creuzer.
1199 2414 1356 2455 Symbol.
1378 2415 1458 2446 Vol.

811 2463 874 2494 IV.
903 2462 933 2502 §.
960 2460 1016 2496 35

856 2503 910 2540 ὧν
943 2507 1099 2561 γέγοιε
1133 2505 1268 2546 σαφὲς
1298 2505 1366 2549 -]
1403 2507 1455 2537 A-

816 2555 929 2589 stius
956 2549 996 2584 δι’
1014 2555 1063 2584 ὡι
1079 2553 1233 2586 coniicit
1259 2551 1340 2584 Non
1355 2553 1456 2584 male.

816 2600 1034 2641 Quamquam
1071 2600 1174 2630 lectio
1212 2598 1355 2639 vulgata
1389 2598 1458 2629 uti-

815 2656 882 2688 que
908 2645 1048 2677 defendi
1073 2648 1200 2686 potest.

863 2691 902 2725 C.
952 2688 1101 2732 ἀραῖος
1125 2702 1201 2731 γαρ
1228 2686 1455 2743 γοιεύς-]

820 2738 934 2779 Vulgo
952 2743 1026 2769 erat
1048 2735 1222 2778 βλαβερὸς
1236 2746 1301 2777 pro
1319 2731 1458 2776 ἅραῑοςε

819 2785 914 2825 quod
960 2784 1100 2825 quidem
1142 2788 1261 2814 natum
1300 2792 1376 2815 esse
1417 2791 1460 2814 cx

1142 2828 1197 2870 20

1332 2001 1473 2039 φιλον·

1497 1023 1533 1064 C
