1781 2971
269 132 353 174 DE
387 130 661 178 LEGIBUS
694 129 810 172 LIB.
840 129 948 171 ΧΠ.
980 130 1026 171 Ρ.
1060 132 1153 171 952.
1188 129 1251 172 St.
1349 131 1430 170 379

74 254 116 294 οἱ
151 255 419 304 γεραίτεροι,
459 250 562 299 τοὺς
595 253 831 303 νεωτέρους
868 247 986 306 πασῃ
1032 248 1200 307 σπουδῇ
1244 246 1431 301 μανθα-

74 334 188 372 νειν,
233 316 311 361 ἐὰν
347 319 390 359 δέ
428 333 490 367 τις
524 315 708 367 ἀνάξιος
759 315 863 374 δοκῇ
904 315 991 356 τῶν
1037 316 1432 368 παρακεκλημένων

73 384 210 439 εἶναι,
264 385 323 437 τῷ
371 384 710 439 παρακαλοῦντι
762 384 1018 440 μέμφεσθαι
1080 379 1158 424 τὸν
1213 382 1430 433 σύλλογον

73 450 198 495 ὅλον·
247 467 352 501 τους
388 450 426 493 δ’
479 450 826 503 εὐδοκιμοῦντας
874 447 1045 490 τούτων
1085 450 1170 490 τῶν
1207 456 1315 489 νεων
1350 463 1432 505 qv-

72 518 249 561 λα’ττειν
287 516 368 570 τὴν
404 516 546 570 ἄλλην
582 518 735 567 πόλιν,
780 516 1122 570 ἀποβλέποντας
1158 519 1216 564 εἰς
1260 513 1428 564 αὐτοὺς

73 584 372 643 διαφερόντως
398 601 443 627 τε
481 587 742 640 τηροῦντας,
779 587 849 625 καὶ
876 584 1009 635 τιμᾶν
1035 587 1114 637 μὲν
1146 584 1433 636 κατορθοῦν·

72 669 171 702 τας,
222 652 452 705 ἁτιμαζειν
489 656 532 695 δε
569 653 740 706 μᾶλλον
780 653 867 692 τῶν
902 649 1072 700 ἄλλων,
1115 650 1194 691 ἐαν
1241 648 1434 703 ἀποβαί-

72 735 178 762 νωσι
209 723 383 774 χείρους
424 721 509 761 τῶν
546 719 735 760 πολλῶν.
773 722 830 766 εὶς
866 715 919 768 δὴ
959 718 1122 759 τοῦτον
1158 714 1236 758 τὸν
1273 716 1428 758 σύλλο-

71 804 152 840 γον
187 785 209 830 ὁ
255 785 499 863 θεωρήσας
535 784 589 827 τὰ
639 789 684 826 ὲν
723 792 816 833 τοῖς
859 781 1011 833 ἄλλοις
1048 782 1316 838 ἀνθρώποις
1351 783 1427 825 νό-

71 871 183 930 μιμα
236 852 510 910 ἀφικόμενος
566 850 709 901 εὐθὺς
765 853 1049 905 πορευέσθω,
1108 854 1180 892 και
1235 849 1274 892 εἴ
1327 867 1426 892 τινα

972 915 988 929 ss

71 920 227 978 φήμην
260 937 394 962 τινων
430 937 526 973 περι
578 921 745 968 θεσεως
784 918 927 971 νόμων
963 935 988 969 η
1026 920 1228 966 παιδείας
1266 915 1289 969 ἢ
1327 934 1430 970 τρο·

71 990 161 1046 φῆς
217 981 313 1042 εὗρε
371 1005 495 1038 τινας
547 990 728 1042 ἔχοντας
772 983 980 1044 φράζειν,
1035 985 1117 1027 εἴτε
1164 1002 1236 1026 και
1293 983 1430 1033 αὐτὸς

164 1118 204 1151 B.
254 1115 555 1158 διαφερόντως
598 1127 640 1147 τε
674 1135 716 1140 -
748 1114 1102 1158 κατορθοῦντας]
1142 1116 1302 1147 Aberant
1344 1117 1429 1148 haee

76 1166 200 1206 vulgo,
228 1174 318 1205 quae
349 1174 459 1204 nuper
485 1164 646 1194 iestituta
670 1168 751 1193 sunt
777 1172 818 1193 ex
845 1164 887 1193 A.
918 1159 955 1192 Ω.
984 1172 1010 1192 r.
1036 1161 1065 1192 δ
1095 1172 1128 1192 x.

164 1208 207 1240 ἐν
245 1213 333 1241 τοῖς
369 1207 517 1241 ἄλλοις
553 1206 831 1250 ἀιθραὶποις]
870 1207 929 1239 Sic
967 1210 1011 1239 A.
1044 1205 1080 1239 Ω.
1108 1208 1130 1239 f.
1158 1205 1187 1238 δ.
1220 1216 1253 1238 x.

73 1252 325 1298 ἀνθρωπίνοις
353 1256 440 1287 Mox
466 1252 579 1297 εἶρεῖν
608 1257 652 1287 A.
683 1253 719 1286 Ω.
750 1266 784 1286 x.

1316 1207 1427 1248 Vulgo

786 1346 904 1388 quod
948 1344 1134 1376 effatum
1178 1345 1429 1385 aliquorum

787 1394 836 1424 de
862 1392 1186 1432 legumlatione
1213 1391 1280 1421 vel
1302 1392 1428 1422 dein-

74 1349 101 1380 λ.
140 1347 358 1389 Quamquam
388 1345 409 1379 ἃ
439 1358 503 1380 nec
532 1348 717 1380 molestum

73 1404 138 1426 nee
162 1396 319 1435 ineptum
344 1399 406 1425 est.

141 1439 406 1481 ἐγκρίνωσιν
443 1439 487 1470 οἱ
529 1440 716 1481 γεραίτε-

74 1487 164 1527 ροι]
210 1482 523 1527 prob‘averint3
564 1497 596 1517 v.
637 1485 716 1518 VII.

787 1439 1031 1471 stitutione
1075 1441 1116 1468 et
1159 1437 1429 1476 educatione

785 1485 1000 1516 habentes
1028 1484 1221 1522 (tenentes)
1247 1484 1428 1524 aliquos

71 1543 106 1573 p.
130 1532 208 1566 802.
235 1532 276 1567 B.
302 1532 379 1566 820.
411 1532 457 1563 D.
485 1532 551 1563 XI.
581 1542 616 1572 p.
636 1531 716 1565 936.

72 1580 118 1610 A.
145 1579 190 1610 al.
216 1580 348 1620 Attigit
373 1579 465 1609 hune
492 1579 587 1609 verbi
614 1588 715 1608 usum

72 1624 260 1657 Lobeck.
287 1625 332 1656 ad
357 1624 489 1664 Phryn.
514 1635 547 1666 p.
575 1624 642 1658 385
660 1635 712 1665 sq.

120 1692 159 1727 Β.
219 1691 321 1725 τοὺς
359 1688 393 1724 δ’
429 1689 713 1732 εὐδοκιμοῦν-

73 1747 145 1770 τας
174 1737 338 1770 τούτων
370 1744 424 1777 —1
470 1750 543 1771 eos
571 1745 714 1771 autem

72 1785 225 1817 horum
250 1786 620 1826 adolescentium,
642 1787 713 1826 qui

72 1831 245 1863 florent
291 1832 402 1863 bona
451 1832 713 1864 hominum

73 1877 572 1918 existimatione,ceteri
593 1879 714 1909 cives

74 1923 331 1965 diligenter
364 1924 622 1961 observent,
654 1934 714 1955 re-

73 1971 322 2010 spicientes
356 1980 427 2001 eos
457 1980 503 2001 ac
535 1976 714 2010 praeter

74 2020 251 2048 ceteros
301 2017 593 2047 observantes
637 2021 714 2047 etr.

74 2061 124 2093 De
158 2058 418 2103 ἀποβλέποντας
450 2073 480 2093 κ.
513 2073 538 2092 τ.
572 2063 598 2092 λ.
634 2067 715 2103 post

74 2104 136 2148 τὴν
166 2106 265 2140 πόλιν
296 2109 395 2140 illato
431 2119 463 2139 v.
495 2109 539 2140 ad
568 2108 649 2140 Xll.
681 2119 713 2149 p.

73 2153 151 2188 945.
178 2156 220 2187 Ε.
246 2154 327 2188 950.
354 2156 399 2186 A.
426 2172 466 2177 -
505 2150 714 2195 α’φικόμε-

74 2198 336 2238 νοειειῖθύς,
362 2201 509 2232 statim
536 2206 581 2231 ut
605 2201 715 2232 redi-

74 2247 173 2278 erit.

120 2314 190 2346 καὶ
217 2315 259 2346 εἴ
285 2326 376 2346 τινα
408 2312 550 2355 φήμην
584 2313 715 2345 ἲινῶν

75 2361 133 2404 -]
176 2361 364 2404 Perperam
401 2362 560 2392 Astius
591 2362 627 2392 in
659 2362 714 2393 his

76 2407 220 2438 verbum
257 2405 338 2447 εὑρε
373 2407 508 2438 censuit
542 2417 618 2438 cum
652 2408 714 2438 du-

75 2454 158 2494 plici
183 2454 406 2484 coniunctum
443 2462 520 2484 esse
545 2455 716 2485 aecusati-

75 2509 132 2536 vo,
156 2500 269 2531 altero
295 2496 414 2539 φήμην
433 2497 507 2530 τινὰ
532 2499 641 2536 τινῶν,
665 2500 715 2531 al-

76 2550 152 2577 tero
187 2543 279 2576 τινὰς
315 2544 464 2585 ἔχοντας.
525 2545 589 2576 Est
623 2546 714 2577 enim

77 2593 280 2623 consecutio
306 2591 491 2622 verborum
522 2590 628 2623 haee:
661 2591 715 2622 καὶ

77 2635 110 2668 εἰ
124 2631 225 2677 εὖρέν
247 2645 340 2669 τινας
359 2637 497 2677 ἔχοντας
513 2634 629 2678 φήμην
645 2637 717 2668 τινὰ

77 2683 175 2714 τινῶν
200 2684 276 2725 περὶ
300 2683 436 2715 θέσεως
461 2680 577 2721 νόμων
603 2680 622 2725 ἢ
641 2694 716 2714 παι-

77 2728 170 2760 δείας
194 2726 214 2771 ἢ
240 2730 390 2771 τροφῆς,
417 2726 574 2770 φράζειντ
613 2735 653 2762 et
679 2731 714 2762 si

785 1531 987 1569 invenit,
1014 1530 1170 1560 dicito
1209 1527 1429 1570 Quamquam

784 1577 936 1608 fortasse
969 1581 1140 1607 commate
1174 1580 1256 1605 ante
1289 1574 1429 1627 φράζειν

784 1624 922 1654 sublato
948 1627 1106 1662 praestat
1127 1622 1291 1661 iungere·
1317 1621 1351 1651 εἰ
1371 1614 1428 1652 εὗ-

784 1669 822 1710 ρέ
848 1677 939 1699 raas
965 1668 1104 1708 &zonas
1139 1664 1279 1707 φράζειν
1312 1666 1429 1708 φήμην

783 1726 812 1746 κ.
840 1727 866 1749 τ.
892 1716 920 1746 λ.
946 1715 980 1745 si
1016 1723 1123 1755 quos
1153 1714 1330 1744 invenit
1356 1715 1427 1755 qui

782 1765 970 1803 possent
1005 1761 1207 1792 indicare
1239 1761 1428 1801 aliquod

783 1808 1029 1849 aliquorum
1079 1807 1268 1846 sapiens
1318 1805 1426 1838 effa-

782 1860 871 1885 tum
900 1859 980 1886 etr,
1029 1851 1108 1889 Qua
1131 1853 1272 1883 ratione
1297 1853 1427 1892 adpro-

782 1901 864 1931 bata
877 1897 1047 1930 κοινούτω
1065 1899 1109 1929 ad
1122 1904 1307 1939 utrumque
1321 1908 1428 1930 mem·

783 1947 882 1977 brum
919 1945 1084 1985 pertinet.
1145 1943 1215 1975 Sed
1252 1945 1327 1975 sive
1362 1945 1429 1976 hae

783 1993 859 2024 sive
883 1992 944 2022 illa
969 1990 1106 2023 ratione
1131 1989 1240 2021 verba
1275 1990 1427 2030 explica-

782 2048 870 2076 mus,
897 2038 985 2068 nihil
1011 2041 1104 2068 certe
1131 2036 1224 2067 iniis
1241 2037 1428 2076 reperitur,

783 2085 878 2125 quod
909 2083 1107 2115 molestiam
1140 2082 1279 2113 afferat.
1336 2081 1428 2113 Nam

783 2131 836 2161 vel
863 2131 1048 2171 repetitum
1073 2129 1160 2160 illud
1186 2126 1310 2159 τινά-
1328 2127 1429 2160 τινῶν

784 2193 827 2199 -
853 2175 948 2207 τινάς
979 2185 1051 2207 non
1084 2180 1179 2206 caret
1212 2175 1342 2206 idonea
1371 2184 1427 2206 ra-

783 2223 880 2254 tione
913 2227 1019 2263 atque
1055 2222 1144 2252 adeo
1181 2221 1322 2261 elegans
1361 2226 1426 2259 est,

784 2279 888 2310 quum
915 2279 956 2300 eo
983 2266 1219 2308 significetur,
1251 2266 1428 2298 hominem

783 2324 827 2346 ex
862 2315 1048 2346 itineribus
1092 2314 1252 2344 reducem
1296 2313 1427 2344 factum

782 2371 918 2393 summa
948 2372 1024 2392 eum
1057 2360 1229 2398 religione
1267 2359 1426 2391 indicare

783 2408 910 2439 debere
934 2407 1066 2437 iudicia.
1092 2406 1135 2436 de
1162 2404 1214 2436 his
1231 2405 1334 2436 rebus
1351 2416 1424 2437 om-

782 2455 858 2494 nia,
898 2461 1199 2494 quorumcumque
1231 2451 1301 2482 sint
1334 2456 1368 2482 et
1403 2462 1426 2483 a

783 2500 1049 2541 quibuscunque
1063 2498 1194 2529 fuerint
1205 2507 1320 2529 secum
1332 2508 1425 2529 eom-

784 2547 970 2577 munieata.
1029 2544 1154 2585 Neque
1180 2552 1267 2575 vero
1291 2545 1428 2585 reliqua

785 2593 900 2623 oratio
928 2593 1051 2627 habet,
1082 2591 1176 2622 unde
1207 2591 1426 2630 suspicemur

784 2638 816 2669 ei
841 2639 975 2680 aliquid
1001 2638 1090 2669 labis
1116 2636 1318 2678 adspersam
1337 2646 1426 2675 esse,

784 2688 822 2715 ut
852 2695 916 2717 nec
950 2685 1013 2717 sub
1056 2682 1187 2724 εὑρεῖν,
1227 2683 1321 2724 quod
1353 2687 1425 2714 tres

785 2730 884 2764 codd.
921 2730 1215 2771 praestantissimi
1256 2731 1424 2770 scriptum
