1781 2971
426 864 1067 911 CORRIGENDA.

698 1054 720 1070 fl

163 1090 199 1122 ln
226 1089 277 1122 liis
303 1091 536 1123 voluminibus
563 1091 813 1133 posterioribus
842 1091 868 1122 si
896 1100 961 1131 qua
988 1088 1180 1131 sphalmata
1207 1086 1427 1125 resederunt,

73 1138 195 1168 saltem
224 1135 311 1168 haud
338 1137 456 1178 gravia
484 1148 522 1169 ea
550 1148 629 1170 esse
655 1138 878 1174 confidimus,
911 1146 1001 1176 quae
1026 1136 1182 1176 legentes
1212 1142 1428 1174 magnopere

71 1183 248 1214 offensura
280 1187 341 1213 aut
375 1182 585 1224 impeditura
621 1183 698 1214 sint.
755 1183 868 1214 Unum
907 1186 1021 1213 tamen
1055 1186 1108 1212 est
1139 1181 1171 1211 in
1206 1180 1281 1211 Vol.
1311 1179 1368 1211 ΙΙΙ.
1396 1189 1428 1219 p.

71 1228 149 1261 133.
179 1238 269 1259 vers.
296 1228 351 1262 10.
381 1233 466 1260 text.
495 1240 536 1260 z
567 1229 660 1261 Libr.
687 1228 748 1260 Xl.
775 1239 807 1270 p.
828 1228 907 1262 922.
939 1229 976 1259 B.
1004 1227 1094 1268 quod
1123 1226 1307 1258 molestum
1335 1225 1427 1256 acci·

71 1285 140 1318 dit:
166 1285 211 1316 ibi
241 1285 330 1317 enim
359 1296 422 1326 pro
457 1285 550 1328 τοῖς
576 1288 639 1317 τῶν
666 1285 799 1324 ζώντων
821 1294 927 1327 prave
948 1285 1152 1325 impressum
1174 1287 1227 1314 est
1252 1282 1284 1313 in
1312 1291 1427 1313 exem-

71 1353 134 1394 plis
163 1353 321 1394 plurimis
348 1347 430 1388 τοῦ
459 1355 528 1384 τῶν
553 1349 697 1392 ζώντων.
747 1352 869 1393 ltaque
904 1352 1063 1393 legentes
1093 1360 1258 1393 rogamus
1290 1353 1327 1380 ut
1360 1349 1429 1381 illic

70 1413 164 1448 τοῖς
192 1413 372 1452 reponant.
424 1408 551 1442 Levius
580 1414 633 1441 est
660 1407 753 1450 quod
783 1409 857 1442 Vol.
885 1407 952 1438 III.
979 1418 1011 1449 p.
1036 1407 1114 1442 312.
1143 1410 1331 1439 comment.
1359 1406 1426 1437 col·

73 1456 113 1489 ll.
141 1466 232 1488 vers.
261 1456 292 1489 6.
323 1465 385 1496 pro
412 1454 812 1487 incantationibus
838 1454 1049 1494 impressum
1077 1458 1131 1486 est
1156 1450 1429 1485 incantibus3

70 1503 183 1543 qualia
209 1502 357 1543 quisque
383 1502 476 1532 nullo
503 1501 645 1543 negotio
672 1501 745 1542 ipse
772 1500 937 1541 corrigat,
964 1500 991 1531 si
1020 1509 1086 1541 qua
1113 1498 1339 1532 occurrerint.

163 1570 203 1601 In
236 1568 308 1601 Vol.
336 1569 360 1602 1.
390 1570 551 1604 Praefat.
580 1581 614 1612 p.
638 1568 752 1601 XXX.
780 1578 868 1600 vera.
896 1567 928 1602 3.
966 1576 1008 1599 ex
1040 1565 1278 1609 dittographia
1312 1569 1428 1597 ortum

72 1620 127 1648 est
151 1620 352 1657 apparet,
380 1627 442 1658 pro
472 1626 540 1657 quo
567 1617 668 1648 ocius
697 1624 847 1655 repone:
875 1612 1292 1646 animadvertemus.

165 1684 329 1716 Ceterum
367 1683 429 1715 liae
464 1683 654 1715 occasione
691 1681 739 1712 uti
772 1682 887 1722 placet
921 1679 963 1713 ad
996 1679 1275 1722 perpurgandum
1314 1680 1427 1710 locum

73 1731 150 1763 vol.
187 1730 227 1763 ll.
261 1741 293 1772 ρ.
326 1730 405 1764 301.
442 1740 531 1761 νει-ε.
566 1730 596 1764 7.
625 1738 669 1759 .-·
699 1728 792 1759 Lihr.
825 1726 893 1758 vn.
931 1737 962 1769 p.
991 1725 1069 1759 802.
1100 1726 1137 1758 Β.
1176 1726 1230 1759 ed.
1259 1724 1426 1766 Stephan.

73 1777 132 1808 ubi
167 1785 256 1807 nunc
290 1786 353 1817 pro
387 1776 562 1817 scriptura
596 1774 774 1806 codicum:
809 1770 857 1803 τὸ
893 1771 927 1804 δ’
963 1770 1287 1815 ἐπανερόμενον
1316 1771 1428 1811 ema·

71 1821 335 1866 ῥυθμίζειν,
371 1831 439 1853 una
473 1821 626 1853 litterula
662 1823 793 1850 mutata
827 1818 1064 1860 retingendum
1096 1827 1299 1849 censemus:
1329 1817 1428 1847 ena-

73 1866 327 1908 νελόμενοιν.
378 1867 567 1899 Numerum
600 1866 810 1906 singularem
843 1864 964 1905 plurali
998 1865 1234 1896 consociatum
1262 1872 1328 1894 non
1357 1872 1429 1894 mo-

74 1915 161 1945 leste
187 1913 321 1953 ferent,
348 1913 495 1954 opinor,
534 1911 589 1953 qui
615 1915 769 1943 annotat.
797 1915 915 1942 nostra
940 1908 983 1942 ad
1009 1909 1105 1941 Libr.
1133 1909 1195 1941 VI.
1224 1919 1255 1951 p.
1284 1907 1360 1942 759.
1389 1910 1428 1939 A.

72 1958 332 2001 perpenderint.
