1781 2971
296 202 375 243 DE
411 201 689 244 LEGIBUS
725 202 843 243 LIB.
880 202 987 243 XII.
1029 204 1074 244 P.
1110 204 1204 245 958.
1240 203 1302 246 St.

1394 205 1476 247 403

121 325 225 377 ἔχει,
276 318 328 362 τά
376 322 462 361 τῶν
512 319 877 373 τετελευτηκότων
924 319 1106 374 σώματα
1142 320 1331 374 μάλιστα
1369 320 1476 364 ἀλυ-

121 389 270 440 πήτως
312 394 406 436 τοῖς
455 388 553 438 ζῶσι
600 389 807 443 δεχομένη
853 386 1084 443 κρύπτειν,
1131 389 1274 430 ταῦτα
1319 390 1476 440 εκπλη-
1523 423 1525 429 ,

120 457 252 509 ροῦν·
303 462 394 503 τοῖς
439 458 482 496 δὲ
530 453 802 510 ἀνθρώποις
846 453 931 497 ὅσα
970 453 1145 512 τροφὴν
1177 455 1323 510 μήτηρ
1360 449 1471 498 οὖσα

120 521 144 573 ἡ
190 523 244 575 γῆ
294 520 406 577 πρὸς
455 522 598 563 ταῦτα
647 529 809 580 πέφυκε
853 522 1104 575 βούλεσθαι
1151 526 1319 578 φέρειν,
1364 521 1473 576 μήτε

118 591 203 641 ζῶν
238 589 348 642 μήτε
386 605 450 637 τις
487 588 746 631 ἀποθανών
782 592 980 643 στερείτω
1018 589 1097 630 τὸν
1135 588 1275 640 ζῶνθ’

1337 588 1473 644 ἡμῶν.

112 657 240 711 χῶμα
290 658 334 698 δὲ
377 652 437 709 μὴ
480 657 592 710 χοῦν
638 655 919 715 ὑψηλότερον
955 661 1080 698 πέντε
1117 654 1294 711 ἀνδρῶν
1331 659 1474 713 ἔργον,

117 835 362 863 numentum
424 831 509 864 Nam
540 837 620 873 post
646 830 761 873 θήκας

118 888 178 919 per
209 877 461 918 appositionem
506 877 647 909 insertur
681 876 762 918 μήτε

118 935 146 954 τι
171 923 256 964 μέγα
282 940 321 945 -
350 923 472 964 μνῆμα,
499 934 569 964 quo
589 934 654 955 non
684 934 761 964 per-

117 975 237 1011 specto
266 969 412 1001 Astius
445 970 596 1002 correxit
623 968 707 1010 μηδὲ
734 982 761 1001 τι

117 1015 210 1055 μέγα,
243 1019 382 1055 praeter
414 1020 544 1047 rectam
578 1018 759 1048 rationem.

116 1061 204 1092 Nam
240 1060 351 1101 μνῆμα
385 1062 524 1092 omniuo
559 1066 611 1093 est
638 1071 759 1092 mouu-

118 1111 270 1138 mentum
292 1105 436 1146 quodvis
464 1108 494 1138 iu
516 1107 668 1138 defuncti
687 1117 758 1139 me-

118 1154 260 1184 moriam
291 1152 438 1192 factum,
471 1152 624 1193 ideoque
650 1154 757 1184 etiam

117 1199 314 1238 sepulcrum
344 1208 423 1230 cum
453 1200 607 1237 tumulo,
643 1199 758 1240 cippo,

117 1245 286 1276 columna.
350 1243 447 1275 Unde
502 1249 646 1286 apparet
697 1255 758 1276 nec

117 1289 415 1321 Goerenzium
433 1289 474 1320 ad
503 1289 614 1321 Cicer.
650 1289 760 1331 Legg.

118 1347 149 1377 p.
194 1335 270 1369 207.
316 1335 521 1367 audiendum
564 1346 660 1375 esse,
702 1337 758 1377 qui

119 1381 227 1423 τμῆμα
254 1382 381 1422 corrigi
410 1382 529 1414 voluit.

162 1469 182 1502 ἃ
219 1470 260 1501 δὲ
295 1467 313 1512 ἡ
353 1470 467 1512 χώρα
501 1471 609 1513 πρὸς
646 1469 759 1504 τοῦτ’

118 1514 251 1557 αὐτὸ]
279 1517 529 1559 Stephanus
564 1520 760 1560 corrigebat

117 1561 191 1595 ὅδὲ
222 1563 280 1603 τῆς
302 1560 416 1603 χώρας
442 1565 494 1595 vel
521 1561 541 1595 ἃ
569 1563 605 1595 δὲ
630 1564 665 1596 ἐπ’
689 1564 755 1604 χώ-

118 1620 172 1649 ρᾳ,
199 1619 241 1640 ac
268 1614 449 1650 praeterea
477 1610 757 1650 requirebatqv'-

119 1665 167 1686 σει
193 1664 255 1696 pro
284 1652 403 1693 φύσιν.
455 1657 612 1688 Astius
650 1658 759 1688 male-

117 1702 196 1734 bat:
237 1698 257 1741 ἢ
299 1699 335 1731 δὲ
373 1699 412 1741 δὴ
445 1699 556 1742 χώρα,
588 1702 692 1743 idque
726 1703 758 1734 in

118 1747 232 1788 priore
260 1746 414 1779 editione
442 1749 546 1779 etiam
575 1749 760 1787 evulgavit.

116 1793 394 1825 Hermanuus
436 1794 592 1825 refinxit:
629 1792 650 1825 ἅ
677 1791 759 1835 ber?

117 1835 137 1878 ἡ
161 1835 252 1879 χώρα
279 1849 307 1869 κ.
337 1849 362 1869 τ.
391 1839 416 1869 2..
468 1839 576 1872 Nobis
603 1841 682 1872 olim
710 1840 758 1871 ni-

117 1884 158 1916 bil
209 1884 270 1916 uisi
325 1882 430 1923 φύσιν
472 1885 672 1918 mutandum
724 1890 760 1918 et

119 1926 243 1970 φύσει
285 1930 520 1970 reponendum
565 1932 759 1963 videbatur.

116 1977 333 2016 Quamquam
370 1985 412 2008 ne
446 1975 509 2008 boc
546 1977 682 2017 quidem
719 1988 756 2008 o-

117 2031 181 2063 pus
219 2025 289 2060 est,
325 2020 496 2061 siquidem
531 2020 554 2053 ἅ
598 2023 758 2054 absolute

118 2067 240 2098 dicitur
279 2077 340 2108 pro
374 2063 453 2097 καθ’
487 2065 518 2099 ἅ.
576 2067 756 2099 Sententia

117 2112 324 2154 igitur-haee
342 2117 413 2144 est:
462 2113 654 2147 Quorum
680 2123 756 2145 au-

117 2164 202 2190 tem
253 2159 447 2189 locorum
499 2158 644 2191 habita
693 2169 757 2190 ra-

117 2205 243 2235 tione
276 2208 390 2235 terra
425 2204 472 2235 ad
507 2204 583 2236 hoc
618 2206 758 2246 ipsum

118 2254 285 2281 tantum
323 2253 474 2281 natura
510 2256 757 2292 comparata

120 2300 205 2331 eat,
264 2295 432 2336 quippe
486 2302 759 2328 mortuorum

119 2351 303 2381 corpora
330 2341 432 2372 sine
459 2342 657 2374 vivorum
684 2342 759 2374 de-

119 2387 328 2418 trimento
354 2387 601 2427 recipiens,
627 2393 670 2419 ut
693 2398 758 2420 oc-

118 2433 366 2467 cultentur,
413 2441 462 2462 ea
506 2433 602 2464 loca
643 2444 759 2465 com-

118 2478 272 2518 plente
310 2477 506 2518 (sepulcris
559 2489 600 2509 ac
638 2489 757 2511 monu-

121 2524 245 2554 mentis
262 2521 365 2558 scih).
414 2521 544 2555 Totum
572 2524 686 2555 locum
714 2525 758 2556 ob

120 2568 240 2599 oeulos
276 2568 399 2599 habuit
441 2568 609 2601 Cicero
648 2570 757 2611 Legg.

120 2613 161 2645 11.
196 2613 250 2646 27.
286 2613 315 2653 ξ.
352 2613 407 2646 67.
480 2612 564 2645 Sed
605 2615 758 2647 videa-

122 2669 214 2690 mus
252 2658 500 2694 Platonem,
537 2660 607 2700 qui
642 2661 758 2692 iusta

120 2703 325 2736 funebria
360 2703 509 2735 reiicit
541 2703 588 2736 ad
621 2705 759 2737 inter-

122 2754 273 2790 pretes
299 2749 575 2790 religionum.
625 2750 758 2784 Quem

120 2803 195 2826 nos
235 2804 390 2827 morem
423 2799 636 2827 tenemus.
694 2796 760 2829 De

829 831 1046 872 sepulcris
1074 835 1209 863 autem
1239 831 1471 864 dicitbaec.

829 877 966 909 Vetat
992 887 1038 908 ex
1066 878 1183 908 culto
1210 888 1328 918 agro,
1357 889 1472 920 eove‚

829 923 901 964 qui
951 923 1040 954 coli
1090 925 1255 964 possit,
1319 925 1471 956 ullam

829 974 1001 1010 partem
1066 969 1177 1000 sumi
1244 972 1471 1010 sepulcro:

829 1014 902 1046 sed
930 1024 1036 1054 quae
1063 1019 1216 1045 natura
1243 1017 1342 1056 agri
1372 1020 1473 1047 tnn-

829 1066 913 1092 tum
945 1059 1068 1091 modo
1095 1059 1279 1093 efficere
1306 1062 1473 1102 possit,

829 1111 874 1138 ut
901 1109 1168 1138 mortuorum
1198 1116 1385 1146 corpora
1414 1108 1473 1137 si—

829 1162 878 1184 ne
935 1151 1212 1183 detrimento
1271 1153 1472 1184 vivorum

828 1198 1044 1238 recipiat,
1083 1207 1128 1228 ea
1180 1198 1470 1239 potissimum

828 1249 871 1275 ut
897 1243 1190 1284 compleatur3
1218 1253 1327 1284 quae
1355 1250 1471 1275 autem

829 1295 920 1321 terra
947 1290 1066 1329 fruges
1093 1289 1197 1328 ferre,
1226 1294 1284 1329 et,
1311 1294 1355 1321 ut
1381 1300 1471 1322 ma-

828 1341 911 1374 ter,
971 1335 1123 1365 cibos
1173 1335 1472 1376 suppeditare

827 1381 988 1422 possit,
1022 1390 1110 1411 eam
1139 1390 1188 1412 ne
1213 1381 1311 1421 quis
1340 1382 1472 1413 nobis

827 1427 1013 1462 minuat,
1052 1435 1158 1457 neve
1198 1427 1319 1458 vivus
1368 1436 1472 1459 neve

827 1478 1038 1504 mortuus.
1125 1471 1283 1504 Extrui
1330 1477 1472 1505 autem

829 1522 950 1550 vetat
991 1518 1239 1558 sepulcrum
1267 1519 1469 1557 altius,

828 1573 952 1604 quam
992 1564 1229 1603 quinque
1280 1563 1468 1596 homines

829 1611 1022 1651 quinque
1061 1609 1213 1640 diebus
1256 1609 1470 1642 absolve-

828 1657 936 1693 riut;
964 1665 1039 1687 nec
1066 1665 1084 1686 e
1113 1654 1256 1696 lapide
1283 1655 1469 1687 excitari

828 1702 1125 1742 anxplius2nec
1152 1701 1468 1742 imponi‚quam

826 1747 938 1788 quod
966 1747 1122 1786 capiat
1147 1747 1322 1778 laudem
1351 1756 1470 1779 mor-

829 1794 906 1830 tui,
937 1793 1118 1824 incisam
1152 1802 1205 1824 ne
1239 1793 1338 1833 plus
1364 1801 1470 1834 qua-

829 1838 1089 1870 tuorherois
1121 1839 1470 1879 versibus,quos

831 1887 985 1926 longos
1011 1884 1223 1925 appellat
1248 1883 1433 1916 Ennius.

873 1974 913 2005 E.
979 1978 1071 2004 τοῖς
1121 1973 1164 2005 δὲ
1213 1971 1470 2015 ἀνθρώποις

829 2018 907 2051 ὅσα
941 2017 1112 2060 τροφὴν
1146 2020 1200 2060 μ.]
1237 2019 1356 2052 Locus
1390 2029 1469 2060 per-

829 2065 961 2106 plexior
987 2067 1035 2096 sic
1052 2064 1287 2105 expediendus
1315 2064 1469 2096 videtur:

829 2107 908 2142 καθ’
947 2108 1013 2141 ὅσα
1045 2109 1081 2141 δὲ
1116 2114 1216 2150 (nam
1245 2111 1295 2142 sic
1321 2107 1387 2141 ὅσα
1411 2120 1469 2141 ac-

828 2156 1052 2198 cipiendum)
1094 2152 1113 2196 ἡ
1151 2157 1194 2197 γῆ
1232 2154 1339 2197 μήτηρ
1381 2151 1471 2187 οὖσα

828 2203 960 2242 πέφυκε
1003 2199 1202 2242 βούλεσθαι
1241 2202 1359 2243 φέρειν
1393 2212 1468 2243 τρο-

830 2247 920 2290 (γῆν,
956 2260 985 2280 κ.
1015 2259 1040 2279 τ.
1068 2248 1095 2279 λ.
1159 2247 1237 2280 sed
1285 2257 1468 2288 quorum

830 2295 983 2326 habita
1025 2293 1204 2325 ratione
1249 2298 1370 2325 terra
1420 2302 1470 2324 eo

830 2341 1003 2372 nomine
1031 2343 1174 2371 mater
1205 2339 1364 2370 natura
1396 2338 1470 2369 sua

830 2388 946 2418 ultro
973 2385 1176 2426 pabulum
1205 2384 1341 2416 essert
1367 2393 1471 2416 mor-

829 2433 1017 2468 talibus,
1067 2439 1142 2461 nec
1191 2430 1344 2461 vivus
1394 2439 1472 2460 nec

831 2482 1035 2509 mortuus
1068 2475 1248 2515 aliquis,
1297 2476 1349 2506 iis
1383 2475 1472 2516 pri-

830 2528 913 2554 vet
961 2526 1224 2562 quemquam·
1271 2523 1470 2552 nostrum

830 2569 1064 2600 viventem.
1114 2565 1232 2597 Verba
1260 2563 1359 2607 *2064-
1390 2566 1470 2597 ταῦ-

830 2625 868 2645 τα
899 2612 1070 2653 iungimus
1105 2620 1178 2643 cum
1220 2609 1326 2653 μήτηρ
1365 2609 1466 2651 οὖσα,

829 2670 938 2701 quae
983 2657 1057 2689 boc
1093 2658 1266 2689 nomine
1305 2667 1469 2699 parens

831 2710 901 2737 est
936 2707 1109 2741 nostra,
1144 2708 1248 2744 atque
1285 2703 1389 2735 ταῦτα
1414 2714 1470 2735 re-

830 2751 974 2782 ferimus
1019 2747 1061 2780 ad
1111 2747 1245 2789 τροφήν
1290 2759 1358 2781 non
1398 2749 1472 2780 sine

830 2806 954 2828 caussa
992 2794 1243 2834 antepositum.
1301 2794 1475 2836 Exposui-

1096 2850 1204 2889 26*

1511 465 1549 506 E
