1781 2971
278 166 362 207 4⁸30
712 160 794 200 DE
830 157 1207 201 EPINOMIDIS

281 290 363 330 que
394 281 554 315 temere
586 270 787 313 oberrare
821 270 1044 322 videatur,
1085 277 1134 311 ut,
1174 269 1292 310 nullo
1332 269 1512 310 consilio
1545 269 1628 309 huc

281 339 412 384 atque
443 329 546 370 illuc
578 333 775 383 vagetur,
809 334 858 368 ut
888 327 1094 368 tortuosis
1127 326 1382 381 ambagibus
1412 325 1528 366 nulla
1558 340 1628 365 ur-

281 396 409 443 gente
455 385 719 427 necessitate
764 382 1134 436 circumducatur,
1189 382 1378 436 denique
1425 389 1472 423 ut
1517 381 1629 422 iusta

281 443 551 499 singularum
581 441 767 496 partium
791 439 1081 494 copulatione,
1117 454 1202 494 qua
1229 439 1314 479 alia
1333 454 1385 479 ex
1405 438 1500 479 aliis
1527 446 1632 493 apta

284 500 369 542 sint
401 505 530 553 atque
561 512 695 551 nexa,
727 511 806 551 per
836 497 981 537 onmia
1009 496 1098 537 tere
1129 502 1287 537 careat.
1350 493 1483 547 Quod
1515 502 1631 536 certe

284 556 496 597 neminem
527 553 795 610 praeteribit,
829 553 993 608 opinor,
1029 553 1102 606 qui
1127 567 1295 594 omnem
1320 550 1632 606 disputationis

283 627 458 654 cursum
490 611 543 652 ab
576 611 700 651 initio
732 624 870 663 usque
902 609 958 649 ad
989 611 1149 650 exitum
1180 608 1248 650 vel
1280 608 1365 648 levi
1407 622 1541 662 opera
1567 607 1631 647 lu-

283 668 502 721 straverit,
535 673 583 708 ut
612 681 700 707 non
722 680 832 720 opus
856 665 1058 706 videatur
1088 681 1174 706 rem
1199 664 1468 720 singulorum
1492 678 1632 705 exem·

284 726 456 781 plorum
487 722 895 765 commemoratione
935 723 1157 777 copiosius
1196 735 1412 776 exponere
1451 728 1494 762 et
1533 735 1634 762 con-

284 782 471 823 firmare.
540 780 634 821 Iam
674 794 776 820 vero
817 777 934 833 quod
974 794 1070 819 cum
1103 779 1186 820 isto
1226 778 1355 829 vitio,
1399 791 1634 831 sanequam

286 853 443 894 magno
477 836 565 890 illo,
600 836 728 890 quale
761 850 841 876 nec
870 836 912 875 in
946 835 1143 891 Legibus
1173 833 1368 875 Platonis
1399 833 1633 875 admissum

285 893 621 946 animadvertas,
655 893 848 947 proxime
871 892 1149 932 coniunctum
1174 906 1269 932 esse
1292 889 1417 942 solet,
1439 897 1488 931 ut
1508 890 1635 931 etiam

286 953 403 993 iusta
458 949 850 1005 argumentationis
897 949 1146 1003 progressio
1195 947 1467 1002 negligatur,
1523 945 1635 987 idem

291 1008 420 1049 etiam
452 1007 497 1047 in
533 1006 613 1046 'noc
645 1020 775 1060 opere
807 1012 873 1046 est
904 1004 1139 1045 admissum
1173 1003 1454 1056 creberrime,
1500 1017 1635 1057 quan-

288 1063 526 1117 doquidem
556 1063 600 1102 in
632 1061 815 1117 singulis
849 1061 939 1102 eius
972 1061 1167 1115 partibus
1199 1076 1284 1102 non
1318 1060 1378 1100 ita
1408 1074 1504 1101 raro
1536 1066 1639 1114 apta

291 1121 603 1163 sententiarum
636 1119 847 1159 connexio
881 1125 924 1159 et
956 1117 1126 1159 subtilis
1152 1125 1502 1173 argumentorum
1535 1130 1638 1156 con-

288 1177 426 1219 clusio
460 1176 589 1231 plane
621 1174 907 1216 desideratur.
970 1174 1039 1214 Ita
1067 1174 1210 1216 statim
1244 1174 1296 1214 ab
1328 1173 1452 1214 initio
1475 1171 1636 1227 dialogi

287 1240 519 1290 postquam
550 1231 776 1272 temeraria
806 1231 891 1271 ista
923 1231 1077 1271 artium
1110 1246 1160 1272 ac
1178 1230 1502 1285 disciplinarum
1524 1229 1638 1270 facta

287 1297 354 1332 est
384 1288 566 1341 divisio,
608 1288 736 1329 nullis
766 1287 1009 1328 rationibus
1042 1287 1184 1329 allatis
1218 1294 1426 1341 protenus
1458 1293 1638 1326 conten-

289 1346 406 1388 ditur
437 1352 481 1386 et
512 1352 810 1395 asseveratur,
857 1360 984 1385 unam
1027 1344 1250 1385 scientiam
1292 1343 1638 1384 mathematicam

290 1418 434 1444 veram
467 1402 674 1443 scientiae
707 1401 880 1442 laudem
924 1400 1100 1451 afferre:
1145 1400 1261 1455 quod
1304 1414 1405 1441 sane
1446 1414 1533 1440 non
1574 1406 1640 1439 est

290 1459 509 1501 subtiliter
539 1457 822 1510 concludere,
865 1457 940 1498 sed
974 1458 1177 1511 plumbea
1211 1457 1374 1498 ratione
1406 1470 1566 1510 ponere
1599 1462 1641 1496 et

290 1515 571 1558 contendere.
646 1516 714 1556 Ac
755 1514 949 1556 similiter
989 1513 1270 1555 iudicandum
1312 1520 1376 1554 est
1418 1514 1545 1553 etiam
1587 1511 1639 1552 de

291 1572 387 1614 aliis
419 1572 525 1613 locis
556 1571 667 1612 bene
699 1571 860 1621 multis,
896 1570 1027 1612 veluti
1061 1570 1116 1611 de
1144 1571 1302 1625 pf680.
1333 1570 1388 1611 A.
1421 1569 1496 1610 ubi
1529 1583 1640 1622 quae

290 1628 345 1669 de
389 1635 487 1670 ortu
526 1627 774 1668 animalium
820 1627 1119 1681 disputantur,
1168 1642 1218 1667 ea
1262 1625 1369 1666 adeo
1411 1633 1561 1666 carent
1602 1625 1640 1665 vi

293 1683 536 1740 probandi,
580 1690 630 1724 ut
660 1698 839 1738 prorsus
871 1684 1048 1724 confuse
1081 1691 1122 1723 et
1152 1683 1358 1738 perplexe
1390 1682 1477 1722 sint
1509 1696 1640 1735 expo-

291 1742 375 1782 sita
404 1755 483 1782 nec
513 1739 637 1780 facile
669 1756 693 1780 a
724 1755 940 1794 quoquam
971 1740 1155 1794 intelligi
1190 1746 1363 1793 queant.
1425 1737 1639 1780 Nimirum

291 1797 566 1839 commiscuit
595 1795 724 1837 homo
755 1797 915 1851 passim
950 1811 1028 1837 sua
1059 1796 1195 1851 ipsius
1228 1795 1387 1850 placita
1419 1809 1515 1835 cum
1542 1808 1641 1834 sen-

291 1854 440 1894 tentiis
476 1853 692 1905 Platonis,
738 1854 860 1894 cuius
894 1852 1035 1893 varios
1069 1868 1117 1892 ac
1153 1852 1350 1893 diversos
1383 1851 1502 1892 locos
1533 1857 1641 1890 tam-

293 1926 421 1965 quam
453 1924 621 1964 pannos
653 1909 864 1963 quosdam
899 1909 1121 1961 adhibuit,
1155 1908 1270 1949 unde
1303 1922 1421 1949 suam
1455 1907 1536 1948 sibi
1567 1921 1640 1947 ve-

293 1974 402 2008 stem
435 1966 621 2019 aliquam
652 1972 906 2019 consueret,
951 1973 998 2006 ut
1038 1966 1236 2020 profecto
1268 1965 1419 2005 mirum
1452 1978 1538 2004 non
1570 1963 1639 2014 sit,

294 2038 390 2064 cum
423 2023 625 2075 neglecta
667 2023 781 2063 iusta
825 2023 1090 2077 singularum
1126 2023 1312 2076 partium
1347 2021 1548 2060 iunctura
1577 2026 1641 2060 te—

292 2094 407 2120 mere
442 2079 495 2120 ab
529 2079 622 2120 aliis
656 2078 708 2118 ad
741 2079 825 2119 alia
849 2079 1133 2131 deerravisse,
1167 2076 1530 2132 quemadmodum
1553 2076 1641 2116 fere

294 2137 346 2177 iis
388 2133 585 2176 accidere
626 2135 758 2187 solet,
810 2136 882 2188 qui
925 2135 1104 2176 aliorum
1144 2135 1314 2175 scriniis
1356 2131 1641 2187 compilandis

295 2192 378 2234 sibi
411 2191 633 2232 doctrinae
676 2191 901 2246 gloriolam
944 2206 1193 2246 comparare
1234 2190 1439 2247 gestiunt.
1512 2190 1641 2229 Prae-

295 2257 415 2290 terea
455 2247 509 2288 ad
553 2247 635 2289 hoc
678 2248 829 2288 vitium
863 2247 1029 2288 accedit
1063 2248 1189 2288 etiam
1233 2245 1374 2298 aliud,
1416 2244 1532 2299 quod
1565 2244 1641 2286 ho-

296 2305 425 2346 minis
458 2303 655 2345 fraudem
689 2310 730 2344 et
761 2304 973 2345 inscitiam
1008 2319 1091 2344 non
1130 2304 1270 2344 minus
1315 2302 1470 2358 arguit.
1540 2301 1640 2344 Non

296 2377 392 2403 raro
425 2362 537 2402 enim
578 2376 718 2402 sermo
759 2359 976 2401 delabitur
1016 2359 1070 2399 ad
1111 2375 1248 2415 genus
1286 2358 1459 2400 dicendi
1501 2357 1643 2399 decla-

297 2418 547 2469 matorium,
593 2423 643 2458 ut
674 2433 757 2458 non
790 2417 991 2458 subtilem
1024 2416 1341 2470 disputatorem
1383 2414 1460 2457 sed
1490 2414 1642 2468 loqua-

297 2489 388 2515 cem
421 2473 473 2515 de
503 2474 654 2515 schola
684 2481 941 2528 nugatorem
974 2471 1123 2513 audire
1158 2472 1404 2524 videamur,
1450 2470 1522 2525 qui
1564 2469 1642 2510 do-

297 2530 462 2571 ctrinae
504 2531 570 2570 vel
610 2530 736 2571 etiam
779 2530 1053 2583 eloquentiae
1094 2544 1198 2570 suae
1241 2529 1388 2584 copias
1421 2533 1642 2568 ostentare

300 2587 497 2627 volucrit.
575 2587 643 2627 lta
674 2587 981 2627 declamatorio
1014 2585 1141 2626 modo
1176 2586 1378 2640 nullaque
1421 2585 1507 2625 sere
1540 2581 1642 2623 data

297 2643 388 2683 eius
421 2643 478 2683 rei
512 2643 836 2698 opportunitate
869 2659 906 2698 p.
938 2644 1031 2682 973.
1068 2642 1116 2683 C.
1145 2643 1197 2683 l).
1224 2642 1272 2683 E.
1307 2650 1348 2683 et
1379 2642 1473 2682 974.
1508 2640 1559 2680 A.
1592 2638 1641 2680 B.

299 2698 563 2750 ostenditur,
606 2699 695 2739 fieri
731 2715 814 2740 non
849 2713 1003 2753 posse,
1052 2706 1095 2738 ut
1130 2699 1322 2740 homines
1367 2698 1409 2737 iu
1441 2695 1521 2737 hac
1554 2695 1643 2735 vita.

1740 390 1747 415 A
