1781 2971
308 134 389 173 444
763 129 846 171 DE
878 129 1256 173 EPINOMIDIS

311 243 506 299 partibus
537 246 666 295 stare,
700 244 771 296 qui
805 242 1105 296 Epinomidem
1138 249 1398 283 censuerunt
1423 256 1533 296 opus
1555 256 1649 283 esse

310 298 594 352 subdititium,
628 299 697 340 cui
720 314 874 340 nomen
905 299 1099 341 Platonis
1121 298 1432 340 detrahendum
1454 300 1522 340 sit.
1565 297 1651 340 Cu-

311 357 379 397 ius
412 355 582 410 quidem
614 356 851 397 sententiae
881 367 1054 397 nostrae
1082 359 1272 397 rationes
1314 362 1355 396 et
1399 362 1652 411 argumenta

313 413 349 454 si
393 413 488 466 quis
540 412 757 466 requirat,
810 412 1030 467 complura
1078 427 1178 454 sane
1229 413 1269 453 in
1321 420 1491 466 promtu
1539 418 1649 453 sunt.

311 469 501 510 Primum
534 469 645 509 enim
677 469 916 522 consilium,
950 468 1065 522 quod
1097 477 1247 510 auctor
1290 468 1421 509 libelli
1464 469 1507 509 in
1547 473 1651 510 scri-

312 525 456 568 bendo
489 536 697 579 sequutus
724 532 805 578 est,
839 525 1052 566 hominem
1082 525 1190 567 adeo
1220 525 1470 566 temeritatis
1494 525 1650 580 arguit,

312 591 361 625 ut
392 583 466 636 qui
499 583 567 623 vel
595 581 702 622 illud
734 597 865 623 unum
896 581 1124 637 diligenter
1154 582 1441 638 perpenderit,
1473 582 1509 623 is
1538 595 1653 623 certe

312 640 483 681 minime
514 639 786 680 dubitaturus
819 653 912 680 esse
943 639 1156 692 videatur,
1189 638 1292 693 quid
1325 638 1376 679 de
1406 645 1499 680 tota
1515 639 1652 693 ipsius

313 697 457 752 opella
506 695 780 737 sentiendum
827 696 894 737 sit.
972 695 1142 737 Deinde
1187 697 1314 737 etiam
1353 704 1652 752 argumentum

312 753 455 809 operis
477 753 724 806 primarium
744 751 936 793 fraudem
958 752 1135 805 indicat,
1168 752 1521 807 quandoquidem
1534 752 1654 794 xillud

314 809 510 852 Platonis
558 809 689 851 menti
741 815 782 849 et
819 809 998 861 rationi,
1045 809 1173 849 etiam
1213 809 1256 850 in
1293 809 1428 864 ipsius
1460 809 1653 864 Legibus

314 866 580 918 declaratae,
621 866 775 906 mirum
815 872 1018 920 quantum
1059 865 1334 918 adversatur,
1366 872 1414 906 ut
1455 868 1652 921 profecto

312 924 441 978 plane
473 922 699 964 ridiculum
731 922 809 975 sit,
841 921 956 963 idem
994 922 1098 963 illud
1139 923 1222 976 ipsi
1254 922 1425 963 Platoni
1466 923 1653 963 tribuere

313 980 436 1022 velle.
507 979 642 1021 Porro
685 979 813 1020 etiam
854 978 958 1019 illud
1003 994 1089 1020 non
1126 979 1264 1020 levem
1305 986 1451 1020 movet
1491 979 1654 1020 fraudis

315 1036 631 1092 suspicionem,
684 1034 800 1090 quod
851 1036 1035 1090 scriptor
1083 1036 1125 1076 in
1170 1035 1351 1092 singulis
1397 1035 1653 1089 quibusdam

314 1093 538 1136 doctrinae
596 1093 817 1148 partibus,
871 1107 978 1146 quas
1027 1092 1241 1133 illustrare
1281 1100 1459 1134 conatus
1503 1099 1591 1146 est,
1632 1108 1656 1133 a

313 1150 508 1191 Platonis
540 1149 754 1190 sententia
785 1164 870 1189 non
902 1147 1174 1190 mediocriter
1205 1148 1382 1190 deflexit
1410 1150 1472 1201 [ac
1503 1150 1654 1191 summi

313 1205 562 1264 philosophi
604 1205 868 1259 doctrinam,
909 1206 1000 1246 sive
1039 1204 1083 1246 id
1129 1204 1287 1247 callido
1337 1205 1516 1248 consilio
1564 1206 1653 1248 sive

313 1264 556 1306 temeritate
588 1262 774 1317 quadam
803 1262 864 1303 ita
894 1262 1055 1303 factum
1088 1268 1166 1315 est,
1200 1262 1442 1304 commixtis
1480 1277 1575 1303 cum
1606 1277 1656 1303 ea

315 1322 406 1363 suis
437 1320 574 1376 ipsius
606 1319 801 1375 placitis,
843 1319 998 1360 misere
1040 1318 1306 1373 depravavit.
1374 1319 1561 1360 Accedit
1600 1319 1654 1360 ad

315 1378 425 1419 haec
457 1376 658 1431 denique,
692 1375 808 1430 quod
838 1391 915 1432 per
942 1381 1078 1416 totum
1109 1390 1347 1417 sermonem
1380 1376 1508 1416 etiam
1543 1376 1657 1418 iusta

317 1432 557 1476 disserendi
605 1433 822 1475 subtilitas
867 1431 1161 1485 desideratur,
1212 1432 1560 1487 quandoquidem
1590 1434 1655 1478 'teo

314 1491 486 1533 nomine
515 1505 602 1532 non
633 1489 761 1532 modo
798 1489 979 1545 singulis
1011 1488 1267 1543 quibusdam
1297 1489 1340 1530 in
1370 1489 1476 1531 locis
1503 1505 1657 1545 pecca-

315 1556 388 1590 tur
416 1547 678 1602 turpissime,
711 1545 787 1588 sed
819 1547 946 1587 etiam
966 1552 1059 1587 tota
1079 1545 1317 1600 disputatio
1343 1545 1488 1588 lucido
1509 1545 1656 1588 ordine

317 1604 625 1647 sententiarum
658 1610 789 1657 atque
819 1614 938 1644 recta
968 1602 1297 1658 argumentandi
1332 1603 1398 1644 via
1430 1609 1472 1644 et
1492 1603 1657 1644 ratione

318 1662 526 1703 destituta
556 1666 635 1701 est.
668 1660 789 1701 Haec
819 1660 951 1716 igitur
988 1666 1089 1700 sunt
1126 1660 1237 1711 fere,
1284 1674 1392 1712 quae
1435 1659 1489 1700 ad
1528 1660 1656 1700 fidem

319 1729 363 1760 et
394 1717 694 1759 auctoritatem
717 1715 987 1771 Epinomidis
1007 1731 1091 1757 non
1109 1722 1274 1756 tantum
1296 1715 1654 1769 labefactandam,

319 1774 397 1817 sed
434 1788 610 1830 prorsus
650 1772 924 1814 evertendam
961 1778 1091 1827 atque
1132 1771 1458 1813 convellendam
1498 1773 1557 1813 ita
1595 1773 1656 1813 fa-

319 1832 449 1883 ciant,
482 1837 530 1872 ut
560 1829 716 1871 exinde
748 1830 854 1871 satis
886 1835 1048 1870 certum
1079 1828 1131 1870 de
1162 1834 1254 1870 tota
1274 1844 1426 1870 caussa
1449 1829 1655 1870 iudicium

319 1888 459 1944 repeti
487 1902 613 1942 posse
645 1885 855 1927 videatur.
914 1886 1028 1928 Nam
1060 1885 1177 1940 quod
1209 1886 1334 1926 etiam
1367 1887 1503 1927 oratio
1542 1886 1655 1940 libri,

319 1951 469 2001 utpote
499 1943 726 2000 insigniter
756 1943 911 1985 scabra
941 1949 984 1984 et
1012 1942 1155 1984 hiulca
1185 1958 1264 1984 nec
1292 1943 1458 1984 levibus
1480 1943 1657 1985 maculis

320 2002 563 2056 inquinata,
595 2000 817 2055 scriptoris
836 2000 1033 2040 inertiam
1054 2000 1210 2055 arguit,
1244 1999 1288 2040 id
1308 1999 1522 2041 noluimus
1543 2015 1657 2041 nunc

322 2057 531 2115 peculiari
572 2071 703 2112 opera
732 2056 1048 2108 demonstrare,
1091 2071 1221 2110 quum
1252 2058 1295 2097 in
1341 2057 1656 2098 commentariis

324 2115 378 2157 de
407 2114 503 2156 istis
534 2113 631 2154 libri
664 2112 838 2154 dotibus
871 2113 1109 2167 exposituri
1140 2113 1283 2154 simus.

437 2171 589 2224 Itaque
618 2170 799 2224 primum
832 2169 1001 2223 quidem
1034 2169 1101 2210 vel
1132 2169 1271 2223 ipsum
1308 2168 1522 2210 scribendi
1554 2184 1655 2210 cou-

323 2228 490 2280 Silium,
543 2225 659 2281 quod
697 2235 846 2268 auctor
886 2225 1156 2280 Epinomidis
1195 2231 1402 2278 sequutus
1442 2233 1528 2278 est,
1570 2226 1655 2267 tale

323 2300 419 2328 esse
460 2283 779 2336 existimamus,
819 2281 931 2324 unde
971 2282 1088 2323 nullo
1129 2282 1216 2321 fere
1259 2282 1432 2336 negotio
1473 2282 1654 2339 intelligi

323 2342 465 2393 liceat,
497 2340 686 2381 libellum
720 2354 813 2382 csse
843 2339 1031 2394 spurium
1070 2345 1314 2392 temereque
1347 2337 1540 2381 Platonis
1581 2355 1656 2380 no-

323 2399 437 2440 mine
465 2397 728 2452 insignitum.
788 2395 918 2449 Quod
953 2395 1124 2449 quidem
1158 2395 1380 2436 consilium
1411 2396 1534 2449 quale
1564 2397 1655 2436 tue-

324 2456 380 2496 rit
418 2459 460 2496 et
499 2468 703 2508 quorsum
744 2452 1026 2509 spectaverit,
1069 2452 1173 2493 satis
1213 2452 1482 2493 manifestum
1523 2458 1654 2493 extat.

325 2511 478 2552 Voluit
508 2511 618 2551 enim
651 2510 776 2552 homo
810 2524 916 2565 opus
942 2510 1106 2561 Legum
1131 2509 1462 2561 Platonicarum,
1493 2509 1655 2562 quippe

325 2567 441 2621 quod
463 2582 657 2608 mancum
679 2574 721 2608 et
751 2567 1045 2622 imperfectum
1078 2581 1170 2608 esse
1196 2565 1427 2618 videretur,
1458 2566 1517 2605 ita
1541 2580 1654 2606 com-

325 2624 440 2679 plere
470 2631 512 2664 et
551 2638 867 2676 consummare,
908 2631 956 2664 ut
999 2637 1107 2677 quae
1142 2623 1265 2664 Plato
1309 2622 1428 2664 Libr⁴
1458 2621 1566 2663 ΧΗ.
1613 2638 1653 2676 p.

325 2683 420 2723 966.
455 2680 678 2720 B.—9(57.
720 2681 768 2721 E.
803 2679 854 2721 de
897 2679 1104 2735 sapientia
1147 2695 1171 2720 a
1208 2678 1427 2721 nocturnis
1466 2678 1655 2720 civitatis
