1781 2971
269 161 350 202 372

750 156 1129 198 PLATONIS

272 285 360 326 τοῖς
394 274 643 317 ἀπειθοῦσι
681 274 760 323 τὰς
795 273 1048 329 πρεπούσας
1097 275 1252 328 ζημίας
1294 270 1620 328 ἐπιβαλλούσας

273 408 321 452 τὸ
360 410 657 463 προςταχθέν.

190 344 226 385 Ε
276 342 456 395 εὶςάγειν
492 345 550 391 εὶς
583 339 632 383 τὸ
672 340 977 396 δικαστήριον,
1015 345 1090 389 ἕως
1127 338 1184 382 οὶν
1221 339 1467 392 ἐθελήσωσι
1507 341 1620 394 δρᾶν

371 472 484 534 Cap.
526 471 579 519 V.
652 473 789 516 Πόλει
830 475 898 522 δὲ,
936 471 1030 524 ἥτις
1071 470 1128 514 ἂν
1162 472 1268 527 μήτε
1300 473 1624 528 χρηματίζηται

270 542 387 593 πλὴν
412 540 492 584 τὸν
517 546 561 584 ἐκ
582 543 662 594 γῆς
691 537 1000 595 χρηματισμὸν
1035 536 1140 593 μήτ’
1180 538 1490 594 ἐμπορεύηται,
1527 540 1625 593 περὶ

270 608 525 664 ἀποδημίας
573 609 742 650 ἑαυτῶν
782 608 855 659 ἔξω
890 608 970 657 τῆς
1003 605 1150 661 χώρας
1185 609 1257 649 και
1295 606 1426 657 ξένων
1462 602 1624 647 ὑποόο·

267 677 351 732 χῆς
405 675 607 718 ἄλλοθεν
649 672 824 728 ἀνάγκη
880 675 1233 729 βεβουλεῦσθαι,
1283 677 1323 715 τί
1366 672 1451 728 χρὴ
1500 671 1628 727 δρᾶν.

272 741 589 798 συμβουλεύειν
636 734 717 784 οὖν
771 739 847 784 τὸν
895 742 1151 794 νομοθέτην
1197 742 1260 782 δεῖ
1316 740 1487 782 τούτων
1532 743 1626 792 πέρι

273 811 452 864 πρῶτον
498 810 721 851 πείθοντα
758 814 818 858 εὶς
863 809 1067 860 δύναμιν.
1117 811 1279 864 πέφυκε
1315 809 1358 849 δὲ
1396 805 1420 857 ἡ
1457 803 1627 847 πόλεων

274 876 464 931 ἐπιμιξία
500 877 678 918 πόλεσιν
713 871 812 927 ἢθη
847 873 1112 929 κεραννύναι
1149 872 1439 921 παντοδαποί,
1479 887 1630 914 καινο-

163 942 246 984 950
277 946 432 998 τομίας
466 941 672 994 ἀλλήλοις
706 943 1007 996 ἐμποιούντων
1044 940 1175 992 ξένων
1204 939 1364 991 ξένοις
1402 938 1424 982 ὃ
1453 938 1506 990 δὴ
1536 946 1629 988 τοῖς

273 1012 353 1064 μὲν
389 1002 435 1053 εὖ
473 1012 827 1062 πολιτευομένοις
863 1007 935 1051 διὰ
974 1005 1121 1062 νόμων
1165 1005 1326 1062 ὀρθῶν
1363 1004 1536 1060 βλάβην
1572 1002 1631 1048 ἂν

276 1083 401 1135 φέροι
437 1079 642 1131 μεγίστην
670 1077 838 1126 πασῶν,
873 1083 968 1125 ταῖς
990 1077 1034 1117 δὲ
1073 1076 1294 1123 πλείσταις
1331 1072 1521 1122 πόλεσιν,
1549 1070 1630 1114 ἅτε

367 1206 409 1238 E.
459 1203 704 1247 ἐθελήσωσι
739 1203 868 1248 δρᾶν]
921 1204 962 1237 V.
989 1202 1154 1240 ἐθέλωσι,
1191 1208 1228 1234 ut
1254 1204 1350 1236 solus
1383 1203 1455 1235 fere
1482 1202 1519 1236 Ξ.
1545 1202 1629 1234 scri-

283 1257 380 1292 ptum
413 1251 565 1283 exhibet.

371 1297 409 1328 Ρ.
435 1296 514 1331 950.

287 1344 331 1376 Α.
359 1341 407 1374 δὲ.

566 1293 585 1328 ὃ
613 1294 658 1337 δὴ
687 1299 776 1328 τοῖς
800 1295 894 1338 μὲν]
949 1293 986 1327 Ω.
1026 1306 1057 1326 v.
1085 1304 1112 1325 r.
1139 1304 1170 1326 a.
1203 1299 1238 1326 et
1272 1294 1396 1326 Bastio
1429 1299 1517 1326 teste
1550 1292 1631 1326 Par.

367 1389 409 1420 B.
461 1387 561 1420 τοὺς
586 1385 764 1425 ἄλλους,
793 1385 890 1420 ὅσοι
917 1397 1010 1419 πον.
1040 1386 1105 1417 καὶ
1134 1386 1335 1428 χρηστοί]
1380 1385 1513 1426 Vulgoe
1548 1382 1632 1417 τούς

280 1504 352 1532 ταῖς
375 1499 610 1543 ἐνεχυρασίαις
633 1511 661 1532 κ.
683 1512 706 1532 τ.
725 1501 751 1533 λ.
786 1501 837 1533 sic
862 1510 920 1532 ex-

281 1548 407 1588 plices:
441 1557 588 1578 eorum
616 1556 736 1585 vero,
772 1548 843 1589 qui
870 1547 921 1577 fi-

280 1594 372 1625 dem
396 1593 663 1634 pignoribus
685 1594 825 1626 datam
845 1592 921 1624 fal-

281 1641 392 1678 lunt,
428 1639 479 1670 ita
513 1644 550 1669 ut
583 1648 627 1670 ne
663 1639 756 1671 facta
781 1639 921 1681 quidem

214 1728 220 1732 .
279 1686 524 1726 pigneratione
539 1685 692 1716 debitam
708 1687 848 1717 solvant
863 1694 921 1726 pe-

280 1731 434 1772 cuniam,
462 1739 531 1762 res
555 1731 741 1770 pignore
766 1736 922 1771 captae

280 1777 599 1808 divendantur.
628 1775 791 1808 Ceterum
817 1778 923 1808 etiam

282 1823 433 1855 Athenis
458 1822 646 1853 saltatores
670 1828 704 1854 et
726 1827 924 1854 cantatores

283 1868 417 1900 chorici
450 1868 562 1908 captis
594 1868 798 1908 pignoribus
824 1872 922 1910 pote-

283 1919 363 1946 rant
387 1914 431 1946 ad
456 1923 579 1945 munus
605 1924 705 1945 suum
726 1915 924 1946 obeundum

284 1970 327 1992 ex
359 1961 436 1999 lege
469 1961 558 2000 cogi.
589 1959 681 1992 conf.
721 1960 923 2001 Antipho

285 2005 340 2037 De
369 2006 538 2038 choreuta
571 2005 601 2046 ξ.
628 2006 679 2040 11.
715 2006 769 2038 De
803 2007 924 2048 pigne—

284 2052 421 2084 ratione
469 2052 613 2083 omnino
670 2052 763 2084 conf.
813 2053 845 2084 H
861 2062 923 2084 er·

284 2108 318 2130 m
334 2107 389 2129 an
406 2107 439 2128 n.
489 2097 720 2139 Antiquitatt.
770 2098 798 2137 ὃ.
845 2097 922 2132 143.

286 2143 608 2174 Hudtwalcker
634 2143 684 2174 De
709 2143 872 2175 diaetetis
891 2155 924 2185 p.

286 2189 351 2223 131
366 2200 415 2230 sq.
443 2188 578 2229 Meier
609 2193 642 2219 et
667 2187 924 2221 Schfimann.

286 2235 445 2268 Process.
472 2235 545 2266 Att.
571 2245 603 2275 p.
630 2235 697 2269 747
722 2245 774 2276 sq.

378 2324 463 2367 Cap.
492 2325 535 2356 V.
563 2325 601 2357 P.
624 2325 702 2360 950.
731 2336 924 2357 καινοτο-

287 2372 381 2409 μιάς
434 2368 634 2413 ἀλλήλοις
688 2369 922 2411 ἐμποιούν-

289 2417 389 2460 των]
411 2418 644 2460 peregrini
670 2418 924 2459 peregrinis

289 2473 413 2503 quum
458 2469 606 2496 mutuo
656 2464 926 2505 ingenerent

289 2518 430 2542 rerum
456 2520 666 2542 novarum
691 2511 845 2542 studia.

359 2596 489 2631 οὐδὲν
540 2599 738 2642 διαφέρει
795 2597 925 2641 φύρε-

290 2644 397 2677 σθαι
423 2643 577 2688 δεχομ.]
597 2658 721 2689 quum
750 2647 924 2679 illarum

288 2691 402 2723 nihil
427 2692 629 2734 intersit,
658 2694 693 2726 si
719 2694 923 2726 miscean-

288 2743 377 2778 tur,
419 2739 510 2771 dnm
553 2740 616 2770 ve!
666 2739 922 2780 peregrinos

987 1509 1008 1531 a
1024 1509 1044 1540 p
1062 1509 1082 1529 u
1099 1498 1121 1530 d
1166 1509 1207 1531 se
1256 1499 1502 1539 excipiant,
1551 1508 1570 1529 v
1586 1497 1633 1530 el

988 1545 1075 1586 ipsi
1102 1546 1224 1577 cives
1250 1545 1385 1576 animi
1411 1553 1565 1576 caussa
1588 1544 1634 1575 in

989 1591 1126 1623 alias
1174 1591 1388 1622 civitates
1445 1590 1633 1631 profici-

990 1642 1178 1677 scantur,
1201 1637 1374 1678 quando
1401 1646 1473 1667 eos
1499 1636 1634 1677 profi-

989 1683 1197 1721 ciscendi
1241 1683 1467 1724 cupiditas
1514 1683 1633 1714 inva-

990 1729 1111 1759 serit.
1155 1729 1271 1760 Locus
1297 1727 1483 1759 manifesto
1510 1728 1635 1769 depra-

992 1779 1112 1814 vatus,
1147 1774 1430 1816 qnandoquidem
1454 1774 1548 1806 istud
1573 1769 1635 1805 αὖ·

992 1823 1062 1851 τοῖς
1088 1830 1160 1851 non
1195 1820 1300 1852 habet
1329 1821 1492 1852 idoneam
1523 1821 1633 1861 expli-

992 1867 1176 1899 cationem.
1203 1866 1475 1898 Hermannus
1491 1866 1535 1898 de
1552 1876 1635 1898 con-

992 1914 1125 1944 iectura
1148 1912 1508 1944 Winckelmanni
1549 1913 1635 1944 scri-

992 1959 1061 2000 psit
1076 1954 1203 1989 ᾰστοῖς.
1238 1957 1309 1990 Sed
1328 1958 1551 1990 scribendum
1569 1964 1634 1998 est,

993 2005 1139 2045 opinor,
1182 2002 1387 2044 δεχομένους
1419 2001 1448 2035 τ’
1486 2002 1531 2035 ἐν
1566 2001 1635 2036 αύ-

995 2054 1104 2087 τοῖε,
1137 2050 1169 2081 h.
1205 2060 1233 2082 e.
1268 2053 1382 2082 inter
1417 2051 1560 2092 ipsos,
1598 2060 1634 2082 a·

994 2097 1078 2138 pud
1118 2107 1170 2128 se.
1230 2096 1464 2128 Maseulinum
1500 2094 1635 2136 δεχομέ-

995 2150 1080 2173 νους
1120 2147 1154 2173 et
1194 2140 1467 2182 ἐπικωμάζοντας
1513 2152 1634 2174 rursus

994 2189 1146 2230 positum
1173 2198 1234 2229 pen·
1258 2189 1399 2229 synesin
1428 2192 1498 2228 est,
1524 2198 1634 2230 quat»

993 2234 1183 2275 doquidem
1227 2234 1263 2265 in
1299 2239 1504 2273 antegresso
1546 2235 1635 2266 πλεί-

995 2287 1089 2311 σταις
1123 2276 1262 2310 πόλεσιν
1299 2281 1499 2312 continetur
1534 2281 1633 2312 notio

995 2326 1060 2357 τῶν
1087 2325 1248 2356 πολιιιῦνε
1275 2325 1317 2357 de
1343 2336 1410 2366 quo
1432 2336 1560 2367 genere
1583 2327 1636 2358 Ιο-

993 2372 1122 2414 quendi
1150 2372 1301 2403 diximus
1330 2382 1436 2412 quum
1461 2371 1546 2404 alibi
1561 2377 1636 2405 tum

993 2417 1037 2450 ad
1063 2416 1149 2448 XII.
1176 2428 1210 2458 p.
1227 2416 1303 2451 945.
1330 2417 1371 2450 E.
1397 2436 1430 2441 —
1458 2413 1633 2450 Ἐπικω-

993 2462 1141 2503 μάζειν
1167 2464 1345 2504 eleganter
1367 2465 1496 2496 dictum
1516 2465 1558 2496 de
1577 2465 1642 2504 iis,-

996 2509 1055 2551 qui
1081 2509 1212 2541 alienas
1246 2515 1357 2542 terras
1384 2511 1575 2552 voluptatis
1600 2515 1636 2543 et

994 2555 1093 2596 quasi
1122 2557 1424 2588 commessationis
1448 2557 1562 2597 gratia
1582 2557 1636 2589 in-

996 2602 1113 2634 visunt
1148 2602 1182 2632 in
1219 2612 1345 2644 easque
1383 2607 1545 2643 tanquam
1581 2603 1634 2635 in-

993 2653 1133 2687 gruunt.
1181 2647 1423 2689 Metaphoram
1444 2649 1635 2689 tetigerunt

993 2693 1201 2727 Abresch.
1237 2695 1282 2726 ad
1314 2695 1494 2727 Aristaen.
1528 2694 1571 2726 ΙῙ.
1599 2695 1632 2729 1.

993 2750 1023 2780 p.
1059 2739 1136 2774 179.
1178 2743 1212 2771 et
1245 2739 1553 2780 wyttenbaeh.
1591 2741 1636 2773 ad
