1781 2971
149 439 233 481 989

584 175 882 218 INCERTI
919 175 1299 220 AUCTORIS

265 182 344 220 52ss

263 296 453 337 ἀνοσίων
490 298 679 350 τιμωρόν
717 300 853 347 δίκην.
892 299 987 349 περὶ
1023 298 1065 337 δὲ
1095 294 1146 344 δὴ
1180 295 1225 336 τὸ
1264 295 1609 350 ὄοκιμαζόμενον

265 361 344 417 οὐχ
382 360 478 404 οἷον
519 378 561 404 τε
601 364 704 416 ημῖν
752 364 974 411 άπιστεῖν,
1021 361 1077 411 ὡς
1113 378 1163 404 ου
1206 367 1268 404 ὸέῖ
1306 363 1381 404 τόν
1417 379 1462 413 γε
1498 362 1609 412 ἀγα-

268 428 360 472 θὸν
406 429 551 486 σοφὸν
596 428 712 484 ἡιιᾶς
758 428 981 483 ἡμῖσθαι.
1022 446 1103 480 την
1139 432 1183 470 ‹552-
1229 433 1391 487 σοφίαν
1429 431 1608 480 ταύτην,

265 495 317 549 ἢν
355 499 570 575 ζητοῦμεν
603 496 758 542 παλαι
795 498 971 549 ἴδωμεν
1008 496 1066 537 ἄν
1101 495 1193 538 ποτ’

261 581 340 618 μεν
383 561 408 615 ἢ
451 564 563 605 κατα
615 566 817 606 παιδείαν
864 561 889 615 ἢ
939 580 1052 605 κατα
1099 569 1273 618 τέχνην,
1322 579 1480 615 ηντινα
1529 564 1608 604 τοῦ

1248 495 1337 552 ἄρα
1374 496 1610 547 ἐπινοήσω-

263 631 514 684 γιγνώσκειν
557 634 711 681 ένδεεῒς
757 629 879 679 ὄντες
916 633 1002 672 τῶν
1041 634 1219 672 δικαίων
1263 629 1518 684 ἀγνώμονες
1553 628 1610 671 ἂν

264 698 400 752 εἶμεν,
437 695 560 748 ὄντες
600 700 812 741 τοιοῦτοι.
849 700 1064 750 ὸοκοῦμεν
1101 698 1154 748 δή
1182 715 1273 751 μοι,
1309 702 1380 739 καὶ
1416 700 1609 740 λεκτέον·

262 764 354 807 ἅνω
390 763 474 819 γαρ
513 769 585 807 καὶ
624 767 741 807 κατω
779 766 940 816 ζητῶν,
980 759 1000 824 ᾗ
1041 781 1116 817 μοι
1153 763 1416 821 καταφανὴς
1451 770 1610 818 γέγονε,

263 831 542 887 πειράσομαι,
581 836 717 884 ὅηλην
752 830 853 886 ὑμῖν
881 831 1023 883 αὐτὴν
1058 830 1305 874 ἀποτελεῖν.
1341 830 1390 873 τὸ
1417 831 1469 882 δὴ
1493 837 1610 885 μεγι-

263 915 370 942 στον
415 898 578 954 ἀρετῆς
621 900 672 942 οὐ
719 901 860 948 καλῶς
913 898 1220 953 πραττόμενον
1275 895 1380 951 ἡμῖν
1433 903 1610 950 γέγονεν

264 967 421 1016 αἴτιον,
458 964 514 1016 ὡς
540 964 641 1022 ἄρτι
674 970 902 1021 σημαίνειν
938 971 981 1008 ἐκ
1006 967 1094 1006 τῶν
1120 969 1353 1018 εἰρημένων
1388 981 1463 1018 μοι
1499 964 1611 1019 σᾳό-

267 1036 348 1089 δρα
389 1035 517 1076 δοκεῖ.
553 1036 699 1088 μεῖζον
733 1036 813 1087 μὲν
848 1031 932 1087 γάρ
976 1031 1137 1086 ἀρετῆς
1172 1033 1319 1083 μηδεὶς
1353 1029 1470 1085 ἡμᾶς
1505 1033 1611 1073 ποτὲ

266 1103 403 1160 πείθῃ
440 1102 518 1153 τῆς
552 1101 769 1154 εὐσεβείας
799 1099 908 1142 εἶναι
948 1101 1007 1153 τῷ
1041 1100 1200 1152 θνητῷ
1236 1104 1368 1151 γένει·
1406 1099 1538 1140 τοῦτο
1567 1096 1604 1139 δ’

267 1167 337 1212 ὅτι
373 1168 427 1210 δι’
472 1166 686 1222 ἀμαθίαν
722 1167 804 1220 τὴν
839 1170 1046 1221 μεγίστην
1082 1170 1127 1207 ὲν
1165 1172 1261 1216 ταῖς
1294 1164 1496 1220 ἀρίσταις
1531 1164 1611 1222 φύ-

358 1323 443 1366 Cap.
471 1323 538 1357 XI.
589 1321 775 1364 τιμωρὸν
813 1321 957 1365 δίκην]
994 1320 1141 1363 τιμωρὸν
1175 1320 1210 1353 δὲ
1243 1320 1340 1363 δίκην
1367 1322 1409 1353 Α.
1440 1318 1479 1353 Ω.
1507 1321 1610 1354 VOSS.

267 1381 298 1402 a.
327 1369 355 1404 δ.
383 1381 410 1401 r.
437 1374 475 1400 ut
500 1370 611 1401 edidit
636 1369 841 1402 Schneider.

359 1417 397 1447 Ρ.
423 1415 503 1450 989.
554 1416 716 1457 τέχνην,
746 1413 894 1457 ἥντινα
920 1414 983 1456 -—]
1015 1414 1139 1456 τέχνην,
1166 1411 1186 1444 ἂ
1215 1410 1329 1455 ἥντινα
1356 1410 1398 1446 Ζ.

358 1459 606 1504 ἀγνώμονες
647 1459 697 1494 ἂν
737 1457 873 1503 εἶμεν]
909 1460 968 1493 Sic
1007 1471 1116 1502 marg.
1156 1457 1195 1491 Ω.
1231 1465 1265 1491 et
1296 1458 1393 1490 Flor.
1430 1468 1462 1492 a.
1494 1458 1611 1499 Vulgo

266 1510 575 1634 εὶημεδέοκοῦμεν
617 1552 665 1595 δή
706 1553 809 1594 μοι,]
849 1552 907 1585 Sic
953 1553 1054 1586 codd.
1090 1561 1219 1584 omnes.
1257 1550 1349 1581 Vett.
1385 1550 1482 1583 editt.
1520 1547 1615 1580 δοκεῖ

266 1613 325 1640 μεν
374 1614 392 1643 η
417 1613 474 1641 μοι

976 1721 1058 1743 usus
1084 1712 1269 1752 loquendi,
1295 1712 1338 1742 de
1364 1720 1434 1750 quo
1460 1710 1611 1740 diximus

973 1757 1017 1789 ad
1056 1757 1191 1789 Phiieb.
1229 1768 1261 1798 p.
1296 1756 1352 1789 20.
1387 1755 1426 1787 C.
1487 1755 1611 1796 Itaque

973 1802 1080 1835 verba
1115 1804 1165 1834 sic
1206 1801 1470 1844 interpretanda
1512 1805 1610 1832 sunt:

314 1714 403 1753 περὶ
439 1712 481 1744 δὲ
517 1710 563 1753 δὴ
597 1710 644 1743 τὸ
681 1710 904 1753 δοκιμαζό-

267 1770 398 1799 μενον
423 1760 488 1800 -]
517 1759 624 1801 quod
657 1758 707 1789 ad
732 1759 775 1789 id
806 1759 904 1790 atti-

266 1810 356 1845 net,
423 1806 553 1846 quod
613 1805 903 1844 exploramus.

267 1852 360 1884 Dein
393 1852 435 1883 de
471 1847 517 1882 ὥς
544 1861 585 1882 ου
618 1848 681 1885 δεῖ,
716 1852 904 1891 negatione

266 1904 347 1939 post
381 1893 532 1928 ἀπιστεῖν
568 1897 684 1935 illata,
723 1908 753 1927 v.
789 1898 834 1928 ad
869 1908 902 1938 p.

265 1944 345 1979 988.
374 1944 418 1975 D.

316 2012 353 2046 P.
379 2011 457 2046 989.
509 2008 653 2043 ὄντες
694 2010 901 2053 τοιοῦτοι]

266 2059 405 2100 Repetit
443 2059 510 2090 hoc
548 2058 823 2090 additamentum
871 2063 905 2089 et

267 2106 377 2136 veluti
403 2105 518 2136 denuo
545 2105 696 2135 inculcat
722 2105 905 2144 superiora

266 2152 327 2183 illa
360 2150 422 2182 τοῦ
457 2148 657 2192 γιγνώσκειν
690 2147 815 2180 ἐνδεεῖς
846 2147 902 2181 ὅν-

268 2205 331 2228 τες.
382 2197 496 2229 Prave
528 2197 635 2238 igitur
669 2196 826 2228 Astius
861 2196 902 2227 de

268 2244 470 2276 coniectura
506 2244 645 2284 scripsit
683 2239 791 2273 ὄντως
835 2253 901 2272 τοι-

270 2300 386 2323 ovzor.

314 2356 356 2389 τὸ
401 2355 448 2399 δὴ
495 2357 700 2398 μέγιστον
748 2351 903 2397 ἀρετῆς

269 2405 336 2446 -]
370 2403 550 2436 maxima
586 2403 768 2434 virtutis
801 2412 902 2444 pars

268 2451 421 2491 (pietas)
448 2449 558 2490 quod
583 2459 665 2481 non
700 2454 813 2479 recte
839 2459 902 2479 co-

270 2497 395 2535 litur,
454 2495 495 2526 id
544 2496 670 2527 nobis
720 2494 903 2525 extitit

268 2543 539 2583 principium
582 2543 647 2573 rei
692 2541 779 2581 (τοῦ
818 2536 904 2579 ἡμᾶς

271 2588 335 2619 τῶν
373 2586 513 2618 δικαίων
549 2583 752 2629 ἀγνώμονας
788 2582 901 2617 εἶναι).

270 2634 361 2665 Dein
389 2643 562 2674 σνμαιιειν
591 2635 750 2666 absolute
775 2633 903 2663 dictum

269 2685 339 2720 est,
370 2684 407 2710 ut
442 2679 514 2710 fere
537 2681 599 2710 sit:
638 2678 674 2711 τὸ
707 2679 841 2719 πρᾶγμα
874 2688 902 2709 s.

269 2722 354 2758 αὐτό
381 2725 571 2766 σημαι’νειν,·
609 2736 687 2757 nam
720 2726 804 2757 haec
836 2723 903 2754 uti-

270 2783 337 2814 que
370 2773 471 2812 origo
512 2781 552 2803 ae
599 2772 678 2804 fons
711 2776 763 2803 est
800 2770 903 2802 huius

972 1850 1051 1880 wie
1087 1859 1131 1880 es
1177 1849 1270 1880 sich
1313 1857 1395 1879 von
1441 1847 1612 1878 selbst

971 1896 1075 1927 nach
1099 1895 1186 1926 dem
1208 1893 1426 1935 Gesagten
1454 1903 1503 1924 zu
1529 1893 1611 1924 zei-

972 1952 1050 1981 gen
1076 1941 1260 1972 scheint.

1018 1988 1057 2020 B.
1106 1988 1248 2027 μεῖζον
1291 1985 1362 2024 μὲν
1398 1982 1475 2026 γὰρ
1522 1980 1611 2024 dpe-

974 2033 1043 2074 τῆε
1070 2033 1135 2074 -]
1173 2043 1293 2064 nemo
1335 2032 1610 2073 quisquam

973 2080 1097 2111 nobis
1154 2078 1420 2120 persuadeat
1473 2077 1610 2108 maius

972 2125 1202 2166 quidquam
1234 2126 1275 2156 in
1311 2125 1477 2155 virtute
1511 2131 1609 2153 esse

973 2182 1092 2212 quam
1119 2172 1324 2211 pietatem
1358 2168 1607 2200 mortalium

970 2218 1130 2257 generi.
1197 2216 1294 2250 Ismd
1333 2215 1445 2254 μεῖζον
1486 2209 1608 2253 α’ρειῆς

972 2269 1102 2294 etwas
1149 2262 1377 2299 grosseres
1418 2269 1496 2290 von
1530 2259 1607 2290 Tu-

972 2309 1102 2350 gend,
1137 2308 1266 2338 dictum
1293 2312 1345 2338 est
1370 2311 1407 2337 ut
1436 2302 1610 2345 ἀμήχανον

971 2351 1194 2392 εὐδαιμονίας
1227 2354 1334 2393 ΑροΙ.
1367 2351 1465 2385 Socr.
1495 2362 1526 2392 ρ.
1551 2351 1607 2385 41.

973 2400 1011 2432 C.
1053 2399 1227 2437 Quocirca
1261 2409 1324 2431 nec
1363 2408 1439 2429 cum
1478 2399 1607 2429 Astio

972 2445 1217 2486 corrigendum
1243 2451 1295 2477 est
1324 2445 1437 2485 μεῖζον
1460 2442 1519 2482 μὲν
1543 2441 1609 2484 γάρ

972 2491 1036 2533 γάρ
1073 2503 1099 2522 τι
1142 2488 1281 2532 ἀρετῆς,
1324 2501 1386 2522 nec
1432 2500 1520 2531 opus
1555 2495 1608 2521 est

971 2538 1363 2570 WVinckelmanni
1393 2538 1606 2568 coniectura:

971 2586 1083 2624 μεῖζον
1126 2583 1186 2622 μὲν
1230 2582 1294 2624 γὰρ
1335 2584 1436 2624 γέρας
1479 2580 1605 2622 μηδείς.

972 2630 1133 2662 Ceterum
1160 2630 1268 2661 utitur
1285 2629 1338 2661 his
1357 2628 1472 2660 verbis
1488 2627 1605 2659 Theo

972 2677 1135 2717 Smyrn.
1169 2687 1200 2717 p.
1244 2676 1297 2709 10.
1338 2675 1395 2716 qui
1436 2675 1603 2714 scriptum

971 2724 1127 2754 exhibet:
1169 2719 1284 2762 μηδεὶς
1327 2717 1412 2761 ἡμᾶς
1448 2730 1528 2751 ποτε
1564 2737 1604 2742 -

973 2769 1154 2801 πειθέτω
1210 2768 1253 2809 τῷ
1306 2768 1453 2808 γεννητῷ
1506 2764 1605 2806 γένει.
