1781 2971
247 125 330 167 DE
363 124 640 168 LEGIBUS
677 125 793 168 LlB.
827 125 909 167 XI.
945 126 991 168 P.
1026 130 1120 171 937.
1155 127 1219 171 St.
1348 124 1428 171 32⁷7

70 245 196 296 δίκην
233 245 556 299 διακεκρίσθαι.
596 242 678 293 τάς
712 242 749 286 δ’
792 243 1050 302 ἐπισκήψεις
1075 244 1154 296 τὰς
1179 243 1323 302 ἀρχὰς
1348 262 1431 304 φυ-

71 309 248 353 λάττειν
283 317 722 365 κατεσεσημασμὲνας
755 310 831 353 ὑπ’
875 310 1070 368 ἀμφοῖν,
1119 315 1193 355 καὶ
1229 320 1429 368 παρέχειν

70 381 129 427 εὶς
176 377 258 429 τὴν
302 380 390 420 τῶν
439 380 839 436 ψευδομαρτυριῶν
888 378 1119 433 διάκρισιν.
1169 377 1249 422 ἐὰν
1287 382 1329 423 δὲ
1366 397 1431 429 τις

69 442 164 497 ἁλῷ
202 447 268 494 δὶς
304 447 701 503 ψευδομαρτυρῶν,
742 448 909 487 τοῦτον
943 454 1097 499 μηκέτι
1132 447 1268 501 νόμος
1291 445 1427 500 duay·

70 512 230 563 καζὲτω
266 515 415 566 μηδεις
451 520 703 569 μαρτυρεῖν,
740 511 819 554 ἐὰν
856 515 901 554 δὲ
945 517 1050 567 τρίς,
1089 512 1237 566 μηκέτ’
1277 514 1427 564 ἐξέστω

70 577 214 632 τούτῳ
261 587 524 633 μαρτυρεῖν·
559 578 638 621 ἐὰν
676 582 719 622 δὲ
770 580 965 636 τολμήσῃ
1015 582 1301 635 μαρτυρῆσαι
1338 585 1430 635 τρὶς

70 645 291 695 ἑαλωκώς,
338 645 591 688 ἐνδεικνύτω
628 649 709 700 μὲν
756 645 867 701 πρὸς
902 644 982 696 τὴν
1020 642 1164 701 ἀρχὴν
1200 645 1221 689 ὁ
1258 645 1427 700 βουλό-

70 729 202 765 μενος
237 712 402 761 αὐτόν,
439 711 464 763 ἡ
506 712 542 754 δ’
586 712 701 768 ἀρχὴ
740 715 1007 765 δικαστηρίῳ
1046 711 1308 765 παραδότω,
1351 712 1430 754 ἐὰν

71 781 116 822 δὲ
152 778 283 838 ὄφλῃ,
320 779 515 832 θανάτῳ
553 780 832 832 ζημιούσθω.
869 777 1050 821 ὁπόσων
1086 778 1124 820 δ’
1166 777 1226 821 ἂν
1261 796 1428 835 μαρτυ-

69 849 161 901 ρίαι
196 844 333 887 ἁλῶσι
370 849 464 905 δίκῃ
504 848 645 902 ψευδῆ
694 845 922 896 δοξάντων
960 854 1202 901 μαρτυρεῖν
1238 850 1309 888 καὶ
1348 846 1429 897 τὴν

69 916 193 964 νίκην
230 913 289 967 τῷ
327 912 473 955 ἑλόντι
509 922 807 967 πεποιηκέναι,
846 911 925 954 ὲιὲν
952 914 1039 954 τῶν
1077 912 1294 956 τοιούτων
1316 911 1428 967 ὑπὲρ

165 1043 223 1083 φῇ
254 1041 342 1074 τινὰ
374 1044 572 1085 μεμαρτ.]
627 1043 687 1075 Sic
714 1045 756 1075 A.
790 1042 829 1074 Ω.
860 1055 888 1074 v.
918 1044 941 1077 f.
968 1054 998 1077 a.
1028 1043 1056 1074 δ.
1081 1054 1112 1077 ο,
1141 1053 1204 1084 pro
1231 1043 1327 1082 vulg.
1357 1039 1429 1074 τινὰ

73 1090 122 1132 φῇ
147 1101 178 1129 μ’

229 1089 321 1121 Dein
346 1090 451 1122 Voss.
478 1089 796 1128 καιασκευασμὲι--ας
821 1099 884 1130 pre
911 1089 1264 1131 κατασεσημασμένας.

164 1135 202 1167 C.
253 1134 348 1175 δίκῃ
378 1134 519 1177 ψευδῆ
544 1133 785 1177 δοξάντων]
823 1134 927 1167 δικιῦν
956 1136 981 1168 f.
1007 1147 1035 1170 r.
1062 1146 1093 1169 a.
1119 1147 1146 1168 e.
1177 1133 1206 1166 δ.
1234 1139 1277 1167 et.
1304 1144 1355 1175 pr.
1387 1131 1423 1173 ΩΙ

72 1258 188 1288 esse,
215 1248 476 1289 priusquam
502 1259 632 1281 eausa
656 1249 715 1280 fu-

72 1295 158 1326 erit
190 1295 456 1326 diiudicata.
492 1290 715 1337 Έπισκήπτε-

73 1339 158 1372 σθαι
186 1341 342 1381 genitivo
369 1341 418 1372 rei
445 1342 620 1382 iungitur,
656 1351 713 1372 ve-

71 1387 135 1418 luti
169 1385 493 1427 ψευδομαρτυριῶν,
528 1392 561 1418 et
593 1389 713 1419 dativo

71 1443 244 1474 personae
270 1433 325 1463 vel
351 1433 421 1469 rei,
455 1438 578 1464 contra
608 1444 713 1474 quam

72 1479 164 1510 actio
198 1479 413 1518 instituitur,
449 1483 488 1510 ut
512 1478 712 1520 ἐπισκήπτε-

75 1524 160 1555 σθαι
186 1525 247 1554 τινὶ
278 1522 406 1564 φόνου,
433 1527 503 1555 τοῖς
516 1526 712 1566 μαρτυροῦ-

75 1580 146 1608 σιν,
191 1569 230 1610 τῆ
265 1572 445 1612 μαρτυρίᾳ.
495 1582 526 1601 v.
563 1572 715 1603 Meier.

73 1621 108 1649 et
137 1615 391 1648 Schomann.
437 1617 596 1648 process.
635 1619 711 1649 Att.

73 1673 106 1704 p.
139 1662 220 1696 385.
259 1681 295 1685 -
342 1663 714 1703 κατασεσημασμέ-

74 1717 146 1739 νας
171 1703 232 1739 ὑπ’
257 1704 428 1747 ἀμφοῖν,
451 1710 499 1741 ab
525 1714 715 1751 utroque

74 1755 340 1795 obsignatas
367 1763 577 1788 servanto
604 1757 714 1788 etad

74 1801 182 1832 falsi
217 1801 460 1833 testimonii
497 1802 713 1834 diiudica-

75 1848 235 1878 tionem
259 1847 514 1879 adhibento.

123 1936 162 1968 C.
215 1933 396 1968 ὁπόσων
428 1935 461 1969 δ’
487 1936 535 1969 ἄν
565 1949 714 1978 μαρτυ-

77 1983 165 2022 ριάι
191 1979 344 2024 ἁλῶσι]
383 1984 566 2016 Sententia
591 1985 714 2015 verbo-

76 2039 153 2060 rum
188 2029 274 2061 haec
311 2034 379 2061 est:
426 2041 716 2071 quorumcun-

77 2085 162 2116 que
203 2076 458 2108 testimonia
493 2081 716 2117 reperta

75 2121 252 2153 fuerint
269 2132 364 2153 esse
388 2123 712 2164 hominum‚qui

77 2167 200 2199 falsa
225 2169 378 2200 testati
410 2179 506 2202 esse
539 2170 634 2200 iure
658 2170 716 2200 vi-

77 2213 284 2254 deantur,
312 2220 440 2255 atque
465 2216 509 2247 id
541 2216 717 2247 effecis-

79 2269 139 2299 se,
166 2264 211 2290 u·t
235 2261 294 2299 ei,
333 2262 406 2301 qui
432 2272 625 2293 caussam
661 2263 717 2292 vi-

79 2305 209 2345 cerit,
237 2307 471 2339 victoriam
498 2317 717 2348 compara·

79 2355 198 2389 rent,
239 2353 272 2382 si
318 2353 427 2384 talia
460 2354 720 2385 testimonia

80 2397 309 2429 dimidio
367 2399 497 2439 plura
547 2400 722 2430 fuerint

80 2442 257 2474 fraudis
294 2446 520 2484 convicta,
563 2455 720 2477 caussa

81 2499 153 2530 per
178 2489 256 2521 illa
281 2490 459 2529 perdita
484 2492 624 2523 denuo
659 2501 719 2522 re-

81 2535 382 2576 dintegretur,
415 2542 456 2568 et
481 2542 720 2578 quaeratur

82 2585 211 2621 atque
236 2581 539 2622 diiudicetur,
577 2588 719 2614 utrum

82 2627 291 2658 iudicium
318 2637 366 2658 ex
391 2629 450 2660 iis
475 2629 636 2661 factum
663 2630 723 2661 sit

83 2682 239 2704 necne:
273 2678 546 2715 utracunque
577 2673 722 2718 autssem

82 2719 262 2751 ratione
298 2718 434 2752 fuerit
466 2721 722 2760 iudicatum,

787 1248 862 1280 hac
904 1249 1158 1289 superioris
1200 1246 1358 1278 iudicii
1398 1256 1425 1277 s-

785 1304 965 1326 eaussae
984 1295 1092 1326 finis
1111 1294 1427 1329 constituitor,

783 1341 807 1371 i.
835 1350 864 1371 e.
893 1342 1012 1381 prouti
1035 1340 1100 1372 hac
1123 1345 1185 1372 aut
1208 1340 1268 1371 ina
1292 1339 1429 1370 ratione

784 1387 977 1418 iudicatum
1004 1387 1131 1425 fuerit,
1159 1388 1207 1417 ita
1234 1385 1428 1425 superioris

782 1433 905 1464 iudicii
931 1433 1023 1464 ratio
1051 1437 1111 1464 aut
1127 1433 1354 1463 confirmator
1368 1435 1429 1462 aut

782 1479 1007 1518 emendator,
1047 1479 1220 1519 siquidem
1255 1477 1430 1508 sententia

780 1525 935 1556 iudicum
962 1525 1167 1565 refingenda
1185 1530 1290 1564 atque
1319 1528 1427 1553 retra-

781 1572 909 1602 ctanda
928 1576 991 1611 est,
1014 1571 1042 1602 si
1058 1571 1225 1601 falsorum
1243 1570 1425 1601 testimon<

779 1617 893 1647 iorum
929 1617 1123 1648 auctoritas
1164 1613 1332 1654 valuerit,
1367 1614 1427 1645 sed

782 1663 967 1694 retinenda
1004 1663 1064 1694 illa
1090 1668 1196 1702 atque
1222 1661 1429 1693 confirman-

783 1709 838 1748 da,
867 1709 924 1740 ubi
949 1709 1120 1740 falsorum
1146 1707 1427 1739 testimoniorum

782 1756 818 1785 in
845 1765 887 1786 ea
910 1755 1057 1786 ferenda
1082 1754 1179 1785 nulla
1204 1755 1256 1784 vis
1272 1753 1349 1784 fuit.
1376 1752 1428 1782 De

781 1796 951 1837 αἰάδικία,
1008 1800 1171 1833 iudicii
1228 1800 1427 1831 redinte-

779 1849 934 1887 grandi
982 1851 1236 1888 potestate,
1282 1857 1313 1876 v.
1352 1844 1427 1876 He-

784 1893 889 1924 rald.
930 1894 978 1923 De
1000 1903 1117 1924 rerum
1141 1893 1284 1923 iudicat.
1310 1896 1428 1922 auoto-

784 1939 890 1969 ritate
914 1938 942 1969 1.
970 1938 1004 1978 3,
1021 1938 1052 1971 6.
1081 1949 1112 1978 p.
1129 1938 1196 1971 109
1222 1948 1296 1979 sqq.
1330 1936 1428 1967 Mei-

784 1994 837 2015 er.
866 1989 899 2015 et
926 1983 1186 2015 Scho'mann.
1212 1985 1232 2013 l.
1255 1994 1272 2014 c
1304 1981 1426 2022 9753.

785 2030 1084 2062 Hudtwalker.
1125 2031 1174 2060 De
1207 2028 1370 2060 diaetetis
1396 2037 1428 2067 p.

785 2075 862 2109 116.
916 2077 1142 2107 Hermann.
1199 2074 1428 2115 Antiquitatt.

784 2121 816 2164 ὁ.
846 2121 924 2156 145.
955 2132 997 2153 ex
1024 2121 1150 2162 quibus
1175 2121 1243 2152 iam
1277 2120 1429 2152 Heral-

786 2169 864 2199 dus
921 2168 1113 2209 prudenter
1168 2167 1431 2203 animadvertit,

790 2214 969 2246 Platonem
990 2214 1078 2245 illud
1104 2209 1282 2244 α’ναδικιάς
1303 2212 1430 2243 benefi-

787 2261 878 2292 cium
919 2261 1024 2291 latins
1061 2259 1277 2300 extendisse,
1327 2267 1429 2297 quani

787 2307 917 2338 factum
959 2307 1004 2337 sit
1042 2307 1134 2346 apud
1183 2304 1430 2339 Athenienses,

789 2353 915 2394 quibus
941 2362 977 2383 re
998 2352 1153 2383 iudicata
1171 2351 1255 2381 nihil
1274 2350 1428 2380 sanctius

791 2398 974 2429 videbatur
1010 2407 1098 2428 esse.
1156 2396 1330 2434 Quocirca
1364 2405 1427 2426 nec

791 2444 986 2475 mirandum
1019 2448 1088 2480 est,
1128 2443 1220 2482 quod
1253 2438 1430 2472 αἰάδικιάς

789 2494 946 2531 potestas
981 2499 1052 2520 non
1091 2498 1226 2528 semper
1258 2488 1428 2527 litiganti-

788 2537 852 2568 bus
889 2544 1059 2567 concessa
1095 2534 1171 2564 fuit.
1242 2534 1430 2565 Praeterea

787 2582 911 2614 audias
938 2581 1201 2621 Harpocrat.
1234 2590 1264 2620 p.
1289 2578 1351 2613 22:
1379 2575 1428 2609 'A-

790 2626 963 2659 νάδικοι
1009 2627 1197 2669 κρίσεις
1223 2625 1260 2656 αι’
1289 2622 1429 2656 ἄνωθεν

791 2671 1016 2714 δικαζόμεναι,
1042 2668 1123 2703 ὅταν
1150 2669 1274 2703 ἁλῶσιν
1297 2671 1429 2710 οἱμαρ-

793 2728 891 2761 troes
908 2717 1223 2759 ψευδομαρτυριῶν.
1250 2718 1366 2749 Schol.
1386 2717 1430 2748 ad
