1781 2971
218 154 302 196 DE
337 152 608 196 LEGIBUS
643 153 763 194 LIB.
797 152 884 195 XI.
924 154 971 196 P.
1005 156 1099 196 915.
1134 152 1198 196 St.

1344 154 1425 196 ⁴257

59 272 257 331 διαφορά
295 276 498 325 γίγνηται
535 274 633 326 περὶ
670 273 750 323 τῆς
768 275 1014 326 ἐρανίσεως,
1051 269 1166 313 οὕτω
1203 270 1427 326 πράττειν,

59 341 117 390 ὠς
157 340 289 382 δικῶν
324 341 477 392 μηδενὶ
517 340 616 393 περὶ
656 338 823 381 τούτων
860 340 1072 392 μηδαμῶς
1094 343 1323 390 ἐσομένων.
1370 339 1426 388 (lg

57 406 90 449 δ’
132 405 190 448 ἂν
228 405 509 460 ἀποδόμενος
547 405 676 459 τιμήν
721 422 799 448 του
834 404 950 464 λάβῃ
1002 404 1061 459 μὴ
1099 403 1268 448 ἐλάττω
1309 409 1420 460 δρα-

53 475 177 529 χμῶν
214 471 507 523 πεντήκοντα,
542 479 828 527 παραμενέτω
864 471 977 513 κατὰ
1005 472 1135 514 πόλιν
1162 472 1205 523 ἐξ
1228 472 1426 526 α’νάγκης

57 544 157 583 δέκα
198 539 384 595 ἡμέρας,
431 539 454 582 ὁ
503 541 547 582 δὲ
579 540 824 595 πριάμενος
869 538 970 581 ἰ’στω
1018 539 1099 589 τὴν
1149 542 1294 581 οὶκίαν
1344 538 1426 592 τὴν

58 610 137 650 τοῦ
177 606 480 661 ἀποδομένου,
528 608 615 648 τῶν
661 608 758 660 περὶ
804 605 858 647 τά
907 608 1093 647 τοιαῦτα
1139 608 1426 659 ἐγκλημάτων

58 675 290 718 εἰωθότων
333 676 569 726 γίγνεσθαι
611 672 747 727 χάριν
791 674 862 714 καὶ
911 673 998 712 τῶν
1041 670 1289 725 ἀναγωγῶν
1339 675 1426 715 τῶν

58 740 171 783 κατὰ
211 740 377 795 νόμους
414 745 570 782 εἵνεκα.
611 737 634 789 ἡ
671 741 714 780 δὲ
749 737 862 780 κατα
903 737 1068 792 νόμους
1104 737 1314 792 α’ναγωγὴ
1355 743 1427 782 καὶ

57 805 116 861 μὴ
157 808 257 866 τῇδε
293 809 414 848 ἔστω.
451 806 533 849 ἐάν
570 822 635 854 τις
662 804 956 859 ἀνδράποδον
986 805 1218 848 ἀποδῶται
1253 806 1428 861 κάμνον

56 872 190 933 φθόῃ
230 871 254 925 ἢ
292 875 440 916 λιθῶν
478 870 501 925 ἢ
544 875 879 928 στραγγουριῶν
919 869 942 924 ἢ
977 875 1026 933 τῇ
1050 875 1296 933 καλουμένῃ
1332 875 1429 929 ἱερᾷ

58 1080 98 1102 ex
129 1068 253 1101 Pliotio
281 1079 311 1110 p.
339 1069 425 1107 322,
452 1070 506 1103 15.
535 1071 750 1110 emendavit3
789 1081 852 1103 nos
886 1072 1100 1103 correximus
1134 1081 1175 1102 ex
1204 1073 1246 1103 Α.
1263 1069 1300 1103 Ω.
1313 1072 1422 1105 inf.

58 1116 88 1148 li.
108 1126 217 1149 r.a.c.
233 1116 260 1147 δ’.
280 1126 311 1146 ο.
337 1116 393 1156 qui
418 1116 546 1148 habent
572 1116 694 1149 λίθων.

58 1274 202 1305 civitate
226 1283 290 1304 sua
307 1270 399 1308 δίκας
423 1271 599 1315 ἐρανικᾰς,
621 1283 708 1314 quae

61 1319 202 1351 Athenis
235 1319 500 1359 exercebantur,
528 1324 561 1350 et
585 1320 708 1360 quibus

56 1365 131 1397 fere
157 1365 188 1396 id
216 1364 406 1406 agebatur,
433 1370 471 1396 ut
497 1365 553 1406 qui
581 1366 708 1397 benefi-

57 1412 144 1442 cium
161 1421 345 1443 commune
356 1410 398 1442 ab
413 1412 488 1442 aliis
504 1412 709 1452 accepisset,

57 1458 101 1495 is,
129 1457 156 1488 si
184 1457 255 1489 fieri
283 1460 426 1498 posset,
451 1456 543 1488 idem
571 1459 623 1489 vel
653 1467 707 1490 re-

57 1503 220 1535 stitueret
246 1504 296 1534 vel
323 1503 401 1533 aliis
420 1503 580 1534 similiter
605 1513 706 1544 prae-

58 1552 179 1581 staret.
208 1559 236 1580 τ.
260 1548 420 1580 Pollux
440 1548 535 1581 Vlll.
552 1549 584 1582 6.
603 1549 633 1580 H
648 1559 707 1580 ar-

59 1604 177 1637 pocr.
205 1605 231 1625 s.
260 1605 289 1625 V.
315 1595 460 1635 ἕμμηνοι
493 1594 604 1635 δίκαι,
639 1595 704 1626 ibl-

57 1651 125 1682 que
154 1639 360 1671 Valesius
388 1640 420 1670 in
447 1649 522 1670 ann.
551 1651 584 1681 p.
613 1640 667 1674 25.

91 1683 165 1717 ‘'Os·
197 1681 233 1716 δ’
267 1684 315 1716 ιῗν
350 1684 628 1724 ἀποδόμενος
654 1684 706 1727 τ.]

59 1731 162 1771 Eum,
189 1732 246 1772 qui
273 1742 344 1763 rem
376 1730 569 1763 vendiderit
595 1733 708 1772 pretio

57 1778 306 1819 quinquaginta
333 1776 506 1809 drachmis
530 1777 710 1820 ampliore,

60 1825 131 1855 vult
157 1825 276 1855 decem
310 1823 426 1854 adhuc
459 1822 532 1854 dies
565 1826 597 1854 in
625 1824 711 1856 urbe

58 1869 280 1908 commorari,
308 1879 413 1909 quum
441 1869 514 1900 aliis
540 1870 583 1901 de
609 1880 710 1902 caus-

59 1916 121 1954 sis,
155 1919 226 1946 tum
253 1917 321 1945 τῶν
344 1911 530 1956 α’ναγωγιῦν
562 1915 628 1946 τῶν
652 1928 711 1946 κα-

59 1959 102 1992 τὰ
130 1959 263 1999 νόμους
288 1958 397 1998 ἕνεκα,
424 1961 458 1991 h.
477 1971 507 1992 e.
534 1961 711 2001 legitimae

60 2007 228 2038 mercium
242 2004 481 2038 redhibitionis
501 2017 636 2040 caussa.
661 2007 712 2039 De

59 2049 216 2094 ἀναγωγῇ
241 2062 272 2082 ν.
302 2051 490 2092 Hesych.
519 2063 545 2083 s.
564 2062 594 2084 v.
616 2052 710 2084 Sui-

59 2098 122 2130 das
147 2100 180 2130 in
207 2107 236 2127 v.
264 2096 419 2139 ἐναγωγή
446 2103 480 2130 et
509 2095 711 2138 ἒνιὶγεσθαι,

59 2144 181 2176 Lexic.
207 2142 352 2183 Seguer,
378 2154 409 2184 p.
436 2144 522 2182 207,
549 2144 604 2177 23.
631 2143 711 2181 214,

59 2191 94 2225 9.
125 2190 332 2222 Valesius
364 2190 407 2220 ad
436 2189 647 2229 Harpocran
677 2201 709 2232 p.

59 2235 127 2269 219
145 2247 187 2266 z
203 2234 282 2268 420.
312 2235 366 2266 ed.
389 2235 485 2277 Lips.
513 2236 561 2268 Pl
577 2242 642 2268 atn
657 2247 709 2268 er.

60 2282 212 2313 Process
235 2291 266 2312 u.
285 2281 387 2323 Klag.
418 2282 493 2314 iol.
522 2282 562 2316 ll.
584 2281 710 2324 p.342.

60 2326 153 2359 unde
203 2326 328 2367 quibus
369 2327 493 2359 finibus
529 2338 584 2360 res
621 2327 710 2370 apud

63 2373 210 2405 Atticos
231 2371 337 2403 fuerit
355 2373 627 2416 circumscripta,
651 2374 711 2406 ad-

61 2417 206 2452 modum
232 2418 398 2450 incertum
432 2429 510 2452 esse
536 2420 712 2452 discimus.

64 2463 170 2498 Quod
212 2463 328 2497 Schol.
367 2463 409 2495 ad
442 2464 471 2498 h.
512 2466 535 2497 l.
576 2466 713 2500 scribit:

63 2508 227 2551 α’νηγωγή
253 2509 348 2540 ἔστιν
374 2507 391 2549 ἦ
420 2513 485 2541 τῶν
510 2514 715 2554 πραθέντων

65 2550 294 2598 α’νδραπόδων
321 2553 487 2587 ἀνάδοσις
502 2555 649 2597 ἐχόντων
664 2557 714 2588 αἰ·

65 2601 143 2632 τίαν
169 2599 268 2632 τινά.
305 2601 456 2640 neglexit
481 2601 557 2641 ille,
594 2603 714 2635 Plato-

67 2656 143 2678 nem
155 2642 338 2689 α’ναγωγήν
352 2647 548 2688 neutiquam
562 2649 716 2682 voluisse

65 2692 101 2724 in
137 2701 203 2723 una
230 2702 409 2725 servorum
447 2693 601 2726 emtione
634 2704 715 2726 ven-

67 2737 218 2778 ditione,
263 2738 326 2771 sed
357 2738 389 2770 in
425 2739 517 2771 omni
549 2741 714 2772 mercium

114 2793 204 2826 Plat.
231 2794 321 2837 opp.
350 2794 428 2828 Vol.
456 2794 499 2827 X.
528 2795 621 2828 Sect.
650 2795 711 2828 Ill.

778 1284 907 1316 genere
942 1276 1055 1307 locum
1090 1274 1227 1308 habere.
1279 1276 1354 1310 Qua
1384 1276 1427 1309 de

777 1330 817 1353 re
853 1320 960 1352 falsus
997 1324 1050 1352 est
1089 1322 1191 1353 etiam
1229 1321 1426 1354 Meierus

779 1367 940 1399 Process.
970 1367 1080 1398 Attio.
1107 1377 1138 1408 p.
1156 1367 1233 1401 525.
1264 1367 1426 1401 Ceterum

777 1413 901 1444 similia
928 1412 1031 1444 etiam
1065 1413 1137 1444 iure
1162 1413 1323 1446 Romano
1355 1415 1426 1447 fue-

777 1465 855 1490 runt
873 1460 1015 1496 sancita,
1045 1458 1087 1490 de
1103 1469 1170 1500 quo
1193 1469 1223 1490 v.
1245 1460 1272 1491 H
1287 1461 1426 1492 einec-

777 1504 831 1535 cii
878 1503 1057 1545 Syntagm.
1105 1506 1323 1547 Antiquitatt.
1365 1507 1421 1539 ΙΙΙ.

825 1597 860 1627 l’.
895 1595 975 1629 916.
1008 1594 1170 1636 κάμνον
1205 1594 1325 1639 φθόῃ
1361 1597 1424 1638 -]

781 1642 826 1674 H,
860 1652 890 1673 e.
933 1641 1075 1680 φθίσει;
1109 1653 1139 1673 v.
1177 1641 1344 1674 Ruhnk.
1383 1643 1425 1674 ad

779 1688 872 1719 Tim.
901 1697 934 1728 p.
962 1686 1040 1720 271.
1074 1698 1152 1720 cum
1179 1688 1427 1721 additamentis

779 1732 937 1766 Kochii
986 1733 1065 1770 inei3
1131 1733 1335 1766 Pierson.
1384 1734 1426 1766 ad

780 1780 892 1812 Moer.
925 1790 956 1821 p.
984 1778 1063 1812 399.
1096 1779 1353 1812 Boissonad.
1383 1779 1426 1811 ad

782 1825 948 1859 philostr.
979 1825 1062 1856 Her.
1090 1836 1121 1866 p.
1147 1825 1215 1859 409
1243 1837 1293 1867 sq.
1342 1827 1426 1858 Dein

781 1870 973 1903 Pliotius
1004 1871 1090 1911 legit
1115 1871 1222 1902 λιθῶν
1249 1883 1311 1913 pro
1338 1874 1428 1914 vulg.

781 1917 923 1954 λιθιῶν,
963 1915 992 1948 li.
1028 1927 1057 1947 e.
1100 1919 1279 1949 calculo
1316 1919 1427 1950 labo-

782 1973 900 2001 rans,
940 1962 1206 1995 calculosus.
1266 1964 1297 1995 ls
1336 1965 1425 1996 enim

781 2019 813 2049 p.
852 2008 931 2045 223,
966 2008 1029 2041 19:
1060 2009 1318 2045 Λιθῶντας·
1353 2023 1426 2051 τρι-

781 2053 970 2094 συλλάβως,
993 2052 1035 2084 οὐ
1054 2053 1306 2088 λιθιῶντας·
1330 2054 1428 2087 Πλά-

782 2112 847 2130 των
881 2099 1018 2140 Νόμων
1057 2098 1102 2133 ια’.
1141 2099 1197 2132 καὶ
1237 2102 1432 2143 βραγχᾶν

780 2146 948 2186 λέγουσιν,
973 2142 1018 2176 οὐ
1040 2148 1199 2188 βραγχι
1213 2149 1271 2187 ἂν,
1290 2147 1344 2178 καὶ
1362 2146 1431 2179 ἓτε-

779 2202 822 2230 ρα
849 2192 1010 2226 τοιαῦτα.
1043 2192 1132 2224 conf.
1166 2192 1352 2225 Lobeck.
1387 2194 1430 2225 ad

779 2237 963 2280 Plirynicli,
991 2248 1024 2279 p.
1052 2238 1108 2271 80.
1137 2238 1247 2270 Codd.
1274 2240 1431 2271 Platonis

779 2284 877 2315 multi
905 2284 1033 2323 λίθων,
1061 2283 1153 2315 unde
1180 2284 1291 2315 λιθῶν
1317 2285 1429 2316 firma-

780 2334 847 2369 tur,
873 2330 969 2370 quod
995 2340 1082 2360 nunc
1105 2331 1337 2369 reposuimus,
1365 2330 1432 2362 Fa-

782 2377 831 2406 cit
856 2385 938 2406 vero
983 2375 1091 2406 λιθῶν
1130 2374 1149 2416 ἢ
1180 2379 1433 2418 στραγγουριῶν

781 2420 826 2452 ad
852 2419 943 2452 istud
970 2419 1098 2462 κάμνον
1125 2420 1226 2464 φθόῃ
1258 2423 1431 2463 explican-

783 2466 884 2505 dum3
919 2466 1009 2498 unde
1035 2467 1160 2499 deinde
1196 2472 1290 2498 recte.
1316 2467 1432 2507 sequi·

784 2517 840 2545 lux·
867 2513 1020 2543 dativus:
1050 2509 1071 2552 >J
1088 2515 1130 2553 τῇ
1143 2513 1336 2558 καλουμένῃ
1358 2514 1433 2558 ἱερᾷ

784 2556 892 2593 νόσω,
933 2558 988 2598 qui
1015 2559 1095 2590 item
1125 2569 1164 2590 ex
1190 2556 1323 2600 κάμνον
1348 2569 1430 2601 pen-

786 2602 976 2644 ἀρῐ,“1ερὰ
1006 2601 1338 2643 νυ’σος,ῐηοι·ὸιιε
1364 2615 1429 2637 co-

784 2650 990 2686 initialis,
1037 2650 1281 2693 epilepsia,
1321 2655 1360 2682 ut
1399 2651 1432 2682 in

786 2697 910 2737 vulgus
941 2700 1059 2728 notum
1095 2700 1161 2728 est.
1222 2697 1307 2728 Dein
1341 2695 1433 2737 qnod

786 2742 878 2774 inter
904 2752 941 2773 se
962 2746 1184 2784 opponuntur
1207 2741 1291 2774 κατὰ
1310 2741 1349 2773 τὸ
1372 2744 1436 2774 σῶ-

1117 2792 1164 2838 17

1457 540 1538 581 916
