1781 2971
254 169 337 211 DE
375 168 649 213 LEGIBUS
692 171 804 212 LIB.
840 171 946 212 XII.
987 172 1032 215 P.
1064 174 1158 215 958.
1196 173 1259 215 St,

1362 175 1446 216 3953

88 284 416 343 ἀφαιρεθέντες
450 285 630 337 ἀδίκως,
665 288 743 329 ἐάν
777 290 820 331 δὲ
860 305 920 337 τις
958 287 1072 348 ὄφλῃ
1114 287 1194 341 τὴν
1231 289 1446 342 τοιαύτην

87 353 221 404 δίκην,
257 350 313 402 ὡς
350 350 459 404 ὅλην
496 352 576 405 τὴν
613 353 742 397 πόλιν
787 357 856 397 καὶ
905 354 1067 409 νόμους
1102 359 1306 414 φθείρων
1355 360 1446 399 θα-

88 417 208 473 νάτῳ
245 419 518 474 ζημιούσθω.

192 483 300 545 Cap.
340 484 422 528 IX.

490 486 637 542 Ἀνδρὶ
676 485 729 538 δὴ
764 486 813 529 τὸ
851 489 960 542 μετα
1001 490 1134 531 τοῦτο
1182 493 1447 542 γεννηθέντι

90 555 162 594 καὶ
200 557 482 610 ἐκτραφέντι,
531 556 603 596 καὶ
638 552 901 606 γεννήσαντι
938 557 1010 596 καὶ
1054 557 1335 613 ἐκθρέψαντι
1383 561 1447 598 τέ-

498 620 514 647 ξ

90 635 192 669 κνα,
241 625 313 661 καὶ
360 621 615 675 ξυμμίςαντι
654 620 900 674 ξυμβόλαια
935 624 1141 675 μετρίως,
1187 620 1354 665 διδόντι
1404 639 1446 665 τε

91 687 213 734 δίκας
259 686 296 727 εἴ
341 704 437 729 τινα
485 687 679 739 ἠδικήκει
730 690 799 728 καὶ
849 687 957 740 παρ’
1012 692 1159 742 ἑτερου
1195 689 1443 741 ἐκλαβόντι,
1474 684 1513 724 Γ)

91 752 173 794 σὺν
211 762 301 801 τοῖς
339 754 490 808 νόμοις
525 759 571 796 ὲν
605 756 743 809 μοίρᾳ
779 753 1025 808 γηράσαντι
1049 753 1224 807 τελευτὴ
1259 756 1441 809 ρίγνοιί

91 818 147 861 ἂν
181 820 293 861 κατὰ
332 820 480 877 φύσιν.
522 823 617 876 περὶ
656 820 1002 872 τελευτήσαντας
1038 821 1114 873 δή,
1152 822 1233 864 εἴτε
1274 839 1335 871 τις
1367 821 1448 879 ἄῤ-

91 885 174 942 {mv
209 887 290 929 εἴτε
332 903 395 936 τις
434 888 579 939 θῆλυς
619 880 655 947 ᾗ,
695 885 749 929 τὰ
788 889 867 941 μὲν
904 890 998 943 περὶ
1037 887 1092 930 τὰ
1133 891 1239 931 θεῖα
1281 889 1445 945 νόμιμα

186 1064 225 1095 Ι).
276 1064 374 1106 περὶ
407 1064 760 1104 τελευτήσαντος
795 1063 868 1106 δή]
901 1065 935 1096 δὲ
968 1066 1010 1095 Α.
1048 1075 1077 1096 v.
1106 1065 1129 1098 f.
1155 1075 1181 1096 r.
1210 1065 1239 1096 ὃ.
1267 1076 1297 1095 o.
1334 1069 1367 1097 et
1395 1075 1446 1106 pr,

98 1107 136 1140 Ω.
165 1120 195 1141 a.
223 1121 270 1157 c.n
301 1110 391 1142 Dein
409 1111 516 1157 *quod
552 1111 649 1144 editt.
684 1110 894 1142 Turicenses
929 1109 973 1142 de
1007 1110 1093 1141 Astii
1126 1110 1325 1142 coniectura
1351 1120 1448 1142 rece-

94 1160 221 1197 perunt
247 1160 287 1197 ἠν
313 1166 374 1197 pro
402 1160 434 1196 ᾗ,
465 1156 495 1188 id
524 1167 585 1188 nos
618 1157 825 1199 improbare,
853 1155 937 1188 infra
965 1157 997 1188 in
1023 1157 1199 1197 explicati.
1226 1155 1453 1189 ostendimus,

96 1315 354 1348 Grammaticus
405 1315 595 1348 Bekkeri
647 1319 734 1348 Ane-

97 1362 190 1394 cdot.
233 1362 307 1393 Vol.
335 1361 359 1393 1.
397 1372 427 1402 p.
455 1361 532 1395 144.
566 1362 623 1393 ubi
651 1362 737 1395 hunc

96 1409 207 1450 ipsum
237 1406 394 1439 Platonis
423 1408 535 1440 locum
558 1408 648 1439 inter
672 1417 735 1439 eos

97 1457 267 1493 numerat,
295 1453 326 1484 in
343 1453 468 1493 quibus
495 1452 528 1484 εἰ
550 1463 624 1485 cum
655 1463 738 1485 con·

95 1500 244 1532 iunctivo
286 1502 523 1531 constructum
563 1499 617 1530 sit.
689 1499 739 1530 De

97 1555 166 1587 quo
192 1549 308 1576 tamen
335 1554 397 1575 usu
426 1545 589 1585 loquendi
626 1545 738 1576 omnia

98 1593 170 1624 fere
197 1589 308 1622 adhuc
333 1590 429 1622 fuere
461 1591 565 1622 dubia
599 1596 633 1622 et
659 1600 740 1622 con-

98 1642 266 1669 troi-ersa.
331 1635 417 1667 Nam
462 1646 566 1677 quum
611 1636 740 1668 Home-

98 1692 196 1722 rum,
238 1681 359 1723 poetas
392 1683 543 1723 tragicos
586 1681 742 1723 itemque

97 1727 284 1760 Pindarum
311 1733 519 1768 ceterosque
545 1728 669 1768 lyricos
702 1737 741 1759 ea

99 1773 357 1807 constructione
403 1773 612 1806 creberrime
656 1783 741 1806 usos

101 1829 181 1853 esse
214 1823 431 1860 compertum
466 1819 653 1861 habeatnr,
690 1825 742 1852 ta-

101 1875 178 1898 men
213 1864 306 1906 apud
343 1866 480 1897 Atticos
508 1874 634 1906 prosae
665 1876 741 1898 ora-

100 1912 205 1944 tionis
238 1909 429 1951 scriptores
470 1912 526 1943 illa
560 1915 629 1942 tam
666 1921 744 1944 raro

101 1956 274 1998 reperitur
316 1960 455 1996 tamque
505 1956 646 1988 incertis
686 1967 742 1987 su-

101 2001 203 2035 binde
235 2000 370 2042 prodita
404 2006 458 2033 est
498 2003 672 2044 vestigiis,
707 2005 744 2033 ut

102 2048 161 2081 viri
194 2047 288 2079 docti
321 2056 388 2078 non
421 2049 497 2079 sine
529 2057 652 2080 caussa
681 2047 743 2078 ‹lu-

102 2095 231 2126 l›itasse
256 2092 452 2131 videantur,
479 2103 557 2125 num
581 2104 619 2125 ea
648 2091 743 2135 apud

104 2139 165 2172 lios
190 2146 337 2180 unquam
358 2137 461 2171 fuerit
479 2139 617 2172 usitata.
646 2139 744 2172 Quos

103 2185 236 2227 quidem
264 2195 305 2216 ne
331 2183 407 2225 quis
436 2185 610 2216 existimet
636 2183 745 2216 homi-

104 2242 165 2263 nes
197 2230 308 2262 fuisse
339 2231 434 2261 leves
467 2234 526 2262 aut
551 2230 747 2271 imperitos,

105 2277 225 2318 quales
276 2277 353 2317 quis
399 2275 494 2316 ipsos
542 2276 650 2309 fuisse
692 2276 745 2308 fa—

106 2323 170 2354 cile
195 2322 393 2362 suspicetur
426 2322 524 2353 lectis
559 2322 618 2361 iis,
659 2332 746 2363 quae

106 2366 403 2399 Schneiderus
458 2366 501 2398 ad
559 2366 745 2399 Civitatem

110 2413 186 2445 Vol.
218 2412 284 2443 ΙΙΙ.
319 2422 352 2453 ρ.
386 2412 462 2445 141.
491 2412 648 2454 scripsit,
685 2413 744 2444 ab·

106 2458 302 2491 iudicarunt
328 2458 450 2489 Atticis
470 2458 558 2490 hanc
585 2457 746 2499 loquendi

50 2513 53 2515 ·
107 2504 301 2541 rationem,
327 2506 386 2534 aut
413 2507 507 2534 certe
536 2502 581 2535 de
606 2513 644 2534 ea
671 2514 744 2535 mo-

107 2552 230 2582 verunt
254 2548 520 2581 controversiam
537 2549 660 2580 summi
685 2549 747 2581 viri

109 2597 153 2627 A.
189 2593 424 2630 Matthiae,
460 2593 521 2625 Fr.
558 2594 746 2634 Iacobs,

107 2641 201 2672 Ern.
244 2640 423 2681 Poppo,
472 2638 746 2679 Sommerus,

108 2686 176 2724 alii,
202 2695 288 2724 quos
316 2684 430 2716 laudat
462 2685 505 2716 A.
532 2684 748 2717 Matthiae

109 2732 170 2763 Gr.
199 2729 258 2764 Gr.
285 2731 315 2770 ἓ.
341 2730 418 2766 525.
448 2730 477 2762 b.
506 2730 605 2764 1211.
634 2729 689 2766 ed.
714 2730 745 2764 3.

807 1315 877 1347 Nec
906 1319 1019 1346 tamen
1047 1315 1162 1355 negari
1192 1318 1308 1357 potest
1337 1313 1390 1346 liic
1416 1318 1450 1345 et

808 1362 878 1392 illic
913 1361 1056 1400 vestigia
1100 1361 1188 1392 illins
1230 1362 1315 1392 satis
1354 1364 1449 1391 certa

808 1407 910 1438 etiam
962 1406 1052 1448 apud
1099 1407 1250 1448 optimos
1297 1406 1453 1447 optimae

808 1452 933 1484 aetatis
967 1453 1157 1492 scriptores
1199 1458 1338 1491 extare3
1370 1461 1449 1483 nam

809 1498 852 1529 de
898 1496 1070 1529 inferioris
1111 1498 1238 1529 aetatis
1282 1497 1454 1538 prosaicis

809 1554 864 1575 res
881 1543 1080 1584 neutiquam
1099 1542 1200 1574 dubia
1218 1542 1290 1576 fuit.
1331 1543 1449 1576 Quam

811 1590 840 1621 in
868 1599 936 1620 rem
962 1591 1068 1620 multa
1104 1598 1144 1620 ac
1179 1588 1272 1619 varia
1297 1589 1450 1629 college-

810 1639 888 1666 runt
924 1634 1077 1675 Poppo
1114 1634 1156 1665 acl
1190 1633 1345 1675 Thucyd.
1375 1633 1451 1665 Vol.

810 1681 836 1712 1.
866 1691 897 1722 p.
926 1680 993 1713 139
1018 1690 1070 1721 sq.
1097 1680 1141 1711 ad
1160 1679 1286 1720 cyrop.
1314 1689 1345 1720 p.
1371 1679 1451 1712 209.

811 1726 907 1758 Wex
937 1726 978 1757 ad
1007 1725 1113 1767 Sopb.
1144 1725 1255 1766 Antig.
1290 1725 1368 1756 Vol.
1402 1724 1452 1756 ΙΙ.

811 1784 841 1814 p.
871 1771 949 1805 187.
977 1771 1232 1803 Scho'mann.
1251 1769 1294 1801 ad
1313 1771 1452 1802 Isaeum

809 1831 840 1860 p.
876 1817 955 1851 463.
1007 1817 1185 1858 Kriiger.
1229 1815 1270 1848 ad
1304 1816 1452 1859 DionyS.

811 1862 1096 1905 Historiograph.
1120 1873 1151 1904 p.
1178 1862 1247 1896 270
1272 1872 1322 1903 sq.
1350 1867 1384 1894 et
1409 1861 1452 1892 acl

810 1908 1000 1950 Xenoph.
1040 1909 1188 1939 Atrabas.
1222 1907 1286 1939 ΙΙΙ.
1319 1908 1358 1945 1,
1395 1907 1452 1940 36.

810 1955 874 1987 IlI.
899 1955 933 1995 2,
959 1954 1013 1987 22.
1042 1954 1125 1984 VII.
1150 1953 1213 1993 16,
1241 1952 1295 1985 24.
1348 1952 1453 1984 Her-

813 2010 944 2033 mann.
972 2000 1028 2031 De
1061 1999 1233 2040 particula
1269 1995 1311 2028 ἅν
1340 1997 1385 2029 ΙΙ.
1420 1997 1453 2030 7.

814 2047 1031 2086 Hartung.
1089 2044 1137 2076 De
1175 2043 1353 2085 particulis
1391 2043 1453 2073 lin-

813 2101 901 2133 guae
933 2090 1091 2122 Graecae
1131 2089 1204 2122 Vol.
1240 2089 1287 2120 11.
1315 2100 1346 2131 p.
1373 2088 1452 2122 300.

815 2137 960 2169 Klotz.
997 2135 1040 2168 aci
1079 2135 1203 2167 Devar.
1239 2135 1286 2166 ΙΙ.
1321 2145 1352 2176 p.
1387 2133 1454 2168 501

815 2192 889 2223 sqq.
939 2181 1115 2218 Quocirca
1143 2190 1210 2212 non
1239 2185 1307 2212 tam
1327 2180 1370 2211 <le
1389 2181 1454 2210 At-

815 2229 962 2260 ticorum
985 2237 1049 2259 usu
1070 2226 1327 2267 ambigendum,
1353 2234 1454 2266 quam

815 2274 973 2306 subtilius
1023 2271 1257 2313 quaerendum
1307 2270 1458 2309 videtur,

814 2330 963 2361 quanam
985 2319 1044 2350 ille
1060 2327 1182 2349 caussa
1202 2321 1236 2348 et
1251 2317 1385 2348 ratione
1408 2317 1455 2347 ni-

816 2370 907 2397 tatur
941 2369 974 2396 et
1010 2363 1132 2404 quibus
1159 2366 1298 2403 regatur
1323 2361 1455 2393 finibus.

817 2411 866 2442 De
892 2420 960 2450 qna
985 2419 1022 2441 re
1046 2409 1146 2439 nobis
1177 2407 1258 2447 quid
1287 2407 1459 2447 videatur,

815 2456 932 2497 paucis
953 2454 1158 2495 exposuisse
1185 2453 1327 2484 iuvabit.
1378 2452 1458 2486 Quo

814 2503 909 2533 facto
939 2500 981 2532 (le
1007 2498 1091 2531 iocis
1112 2498 1265 2530 Platonis
1292 2497 1356 2529 huc
1377 2508 1456 2538 per·

813 2546 1003 2579 tinentibus
1053 2544 1317 2585 explicabimus.
1373 2542 1456 2584 Epi-

815 2602 891 2624 cum
926 2591 1030 2633 igitur
1063 2600 1142 2621 esse
1167 2588 1252 2620 hunc
1277 2598 1378 2621 usum
1405 2591 1455 2620 lo—

815 2636 961 2679 quendi,
999 2635 1167 2676 siquidem
1212 2634 1340 2668 sontem
1381 2634 1456 2666 eius

817 2688 852 2715 et
895 2681 1062 2723 originem
1108 2684 1326 2722 spectamus,
1365 2680 1455 2721 apud

816 2738 937 2761 omnes
963 2729 996 2759 in
1024 2726 1186 2759 confesso
1204 2730 1267 2759 est.
1318 2726 1369 2758 Ex
1387 2734 1457 2766 quo
