1781 2971
0 1683 8 1961 W

537 156 704 198 LIBRI
754 156 990 199 DECIMI.
1368 163 1442 202 115

79 271 226 310 nitate.
298 269 409 310 Nam
453 284 546 312 esse
590 285 746 312 numen
788 286 837 312 ac
871 272 953 313 vini
987 272 1199 324 divinam,
1244 271 1284 312 id
1320 288 1434 325 vei-Q

79 326 244 379 inquit,
295 325 379 367 iam
425 327 614 369 infantes
653 342 704 369 ac
750 328 919 382 pueruli
963 343 987 369 a
1035 330 1125 370 suis
1186 328 1434 370 idemtidem

80 382 224 424 edocti
265 390 385 431 sunt;
427 382 542 424 idem
574 391 811 439 potuerunt
842 386 970 426 etiam
1003 400 1024 425 e
1058 386 1261 440 precibus
1294 397 1337 427 et
1367 400 1433 428 sa-

79 439 254 481 crificiis
294 446 519 495 parentum
559 447 603 482 et
642 448 928 496 cognatorum
970 442 1240 497 aliorumque
1271 458 1433 498 cogno·

77 511 220 547 scere3
253 495 440 551 denique
469 496 576 538 illud
608 498 734 539 etiam
772 497 871 540 ideo
903 498 1149 540 debuerunt
1175 498 1434 555 intelligere,

78 553 180 608 quia
224 567 302 595 nec
341 553 455 594 inter
486 551 682 596 Graecos
715 569 794 596 nec
819 555 940 595 -inter
971 555 1178 597 barbaros
1211 555 1297 596 ulla
1328 570 1434 611 gens

78 615 158 663 est,
190 624 300 664 quae
332 609 437 651 deos
471 625 556 652 non
588 611 702 652 colat
741 617 872 665 atque
904 618 1165 652 revereatur.
1227 613 1289 652 At
1321 613 1433 653 enim

79 682 182 709 vero
221 666 326 708 nihil
366 667 547 708 istorum
587 668 777 709 omnium
827 668 1015 708 ferocem
1058 682 1206 708 eorum
1257 682 1433 709 sensum

79 734 208 779 atque
241 724 428 764 animum
459 723 582 764 flexit
613 723 668 765 ad
697 724 926 777 pietatem3
958 723 1043 763 imo
1066 723 1127 764 illi
1160 738 1267 764 ausu
1300 726 1432 764 maxi-

79 794 144 821 me
186 780 415 821 temerario
454 780 622 835 argutis
670 794 900 835 perversae
949 780 1105 821 mentis
1155 780 1432 822 conclusiun—

78 836 188 878 culis
220 842 263 877 et
292 836 740 892 argumentationibus
779 842 932 879 sancta
961 844 1090 891 atque
1124 837 1195 892 pia
1225 837 1432 878 maiorum

78 892 254 935 decreta
291 892 556 935 labefactare
598 899 731 947 atque
771 893 1014 935 convellere
1047 899 1283 946 conantur,
1317 893 1433 949 quod

77 956 195 992 certe
235 950 299 991 ira
338 956 382 991 et
420 949 721 1006 indignatione
761 956 825 992 est
865 950 1180 1006 dignissimum.
1250 949 1338 992 Sed
1369 967 1434 992 re-

78 1007 312 1062 primamus
343 1007 386 1048 in
418 1007 637 1062 praesenti
671 1005 863 1048 dolorem
896 1022 949 1048 ex
975 1007 1038 1048 rei
1068 1007 1332 1063 indignitate
1364 1023 1434 1049 su-

79 1071 291 1120 sceptum,
324 1078 593 1120 agamusque
623 1064 770 1119 potius
801 1063 870 1116 id,
917 1063 1035 1118 quod
1065 1065 1190 1106 nobis
1233 1064 1432 1119 proposi-

79 1130 170 1162 tum
201 1127 282 1174 est,
316 1128 366 1162 ut
395 1135 469 1162 eos
500 1121 679 1162 meliora
710 1119 986 1174 edoceamus,
1020 1127 1121 1161 ante
1151 1121 1295 1162 omnia
1315 1122 1433 1175 ipsos

77 1177 186 1219 illud
217 1177 682 1231 commonefacientes,
724 1177 842 1231 quod
877 1191 982 1219 sane
1013 1177 1154 1232 ipsius
1186 1177 1301 1218 vitae
1333 1193 1435 1219 cou-

79 1234 266 1278 suetudo
306 1242 350 1276 et
380 1234 626 1277 diuturnior
665 1249 810 1276 rerum
839 1248 944 1276 usus
976 1234 1151 1287 docuit,
1193 1240 1436 1276 contemtow

79 1306 147 1333 res
187 1291 395 1344 deorum,
437 1298 655 1346 quotquot
703 1292 865 1333 fuerint
895 1306 1111 1345 unquam,
1153 1290 1198 1333 in
1229 1306 1308 1333 sua
1338 1306 1435 1332 sen—

80 1349 215 1391 tentia
243 1350 420 1390 minime
450 1363 591 1402 usque
631 1348 687 1390 ad
718 1355 989 1390 senectutem
1019 1348 1324 1404 permansisse,
1358 1347 1435 1389 sed

80 1405 315 1461 aliquando
354 1404 503 1447 iudicii
542 1405 610 1447 sui
649 1405 921 1462 poenituisse
958 1405 1019 1461 (p.
1052 1406 1145 1447 887.
1177 1403 1226 1446 C.
1256 1430 1310 1435 —
1342 1405 1437 1446 888.

81 1464 168 1513 D.).
202 1487 255 1493 —-
314 1462 396 1504 His
429 1477 532 1504 vero
563 1463 773 1518 expositis
804 1462 964 1517 hospes
994 1461 1279 1504 Atheniensis
1310 1461 1437 1502 aliam

83 1534 255 1576 quoque
303 1519 517 1561 rationem
574 1525 811 1571 memorat,
855 1533 941 1574 qua
979 1518 1101 1560 multi
1143 1518 1227 1560 iam
1267 1519 1355 1559 vim
1396 1525 1439 1558 et

85 1583 290 1619 naturam
332 1575 515 1617 deorum
534 1577 690 1618 tollere
740 1576 958 1617 studeant.
1037 1574 1270 1616 Protei-unt
1316 1574 1438 1631 impii

79 1634 175 1685 isti,
220 1632 385 1687 inquit,
429 1633 557 1674 etiam
589 1632 701 1674 hanc
744 1632 1027 1683 sententiam,
1080 1647 1167 1685 qua
1213 1638 1439 1685 tamquam

82 1690 400 1746 sapientissima
441 1689 569 1731 etiam
601 1690 880 1731 vehementer
922 1689 1097 1742 gloriari
1131 1703 1181 1730 ac
1213 1688 1440 1743 superbire

81 1748 232 1791 solent.
295 1746 491 1788 Censent
527 1747 642 1788 enim
681 1762 830 1789 omnes
862 1760 930 1787 res
968 1745 1036 1787 vel
1067 1751 1221 1787 natura
1247 1745 1317 1786 vel
1347 1750 1440 1786 arte

81 1805 148 1847 vel
180 1819 283 1846 casu
316 1810 359 1845 et
387 1804 562 1845 fortuna
607 1811 651 1845 et
682 1804 877 1846 extitisse
909 1802 1010 1844 olim
1044 1808 1087 1844 et
1116 1817 1233 1844 nunc
1266 1817 1441 1856 quoque

81 1862 268 1904 existere
308 1861 461 1905 solere.
528 1859 629 1913 Quo
668 1861 765 1917 ipso
805 1860 1014 1913 efficitur,
1054 1864 1105 1900 ut
1143 1858 1210 1901 vis
1253 1865 1297 1900 et
1338 1873 1443 1900 cura

85 1919 263 1961 deorum
304 1918 347 1958 in
386 1918 516 1959 rebus
573 1917 816 1960 efficiendis
877 1931 927 1958 ac
977 1915 1273 1972 gubernandis
1323 1915 1443 1957 nulla

83 1990 178 2018 esse
219 1973 416 2029 putanda
453 1975 524 2016 sit..
597 1975 680 2016 Est
720 1980 863 2016 autem
895 1974 1006 2014 ratio
1038 1988 1089 2014 ac
1119 1973 1335 2020 sententia
1370 1987 1442 2014 eo-

84 2048 178 2074 rum
218 2032 339 2074 haec.
403 2030 546 2083 Quum
590 2031 702 2072 enim
742 2031 888 2073 omnia
927 2029 1075 2072 dicant
1114 2030 1184 2071 vel
1227 2044 1333 2071 casu
1376 2028 1443 2070 vel

84 2095 239 2131 natura
278 2088 347 2130 vel
386 2095 476 2129 arte
506 2087 728 2140 extitisse,
773 2095 864 2129 tum
904 2087 1090 2128 maxima
1126 2101 1325 2141 quaeque
1367 2101 1443 2127 na-

86 2154 207 2188 turae
247 2146 424 2202 (φιῗσει)
467 2151 509 2186 et
548 2145 669 2187 casui
701 2143 849 2202 (τύχῃ)
881 2143 1045 2196 deberi,
1078 2143 1246 2184 minora
1275 2148 1444 2184 tantum

86 2203 169 2244 arti
206 2202 372 2261 (τέχνῃ)
411 2207 563 2257 utpote
601 2207 781 2243 naturae
820 2201 1041 2243 imitatrici
1083 2203 1265 2255 accepta
1292 2200 1445 2241 referri

88 2259 365 2302 arbitrantur.
413 2258 710 2311 Quamobrem
732 2259 831 2314 ipsa
851 2273 995 2299 rerum
1024 2256 1253 2309 elementa,
1283 2257 1444 2313 ignem,

89 2322 259 2370 aquam,
297 2317 453 2369 aet-em,
481 2326 667 2368 terram,
708 2325 864 2357 natura
903 2321 946 2356 et
977 2328 1082 2356 casu
1113 2319 1209 2355 orta
1239 2328 1334 2355 esse
1365 2328 1445 2368 pu-

91 2380 208 2423 tant3
248 2386 301 2414 ex
341 2372 409 2414 his
449 2387 553 2414 vero
595 2372 820 2414 elementis
851 2371 894 2413 vi
926 2385 1006 2413 sua
1034 2370 1251 2412 inertibus
1282 2369 1444 2411 anima-

90 2443 174 2484 que
206 2429 454 2471 carentibus
470 2427 688 2484 prodiisse
720 2429 875 2470 volunt
894 2434 1069 2479 terram,
1099 2427 1263 2480 lunam,
1292 2426 1445 2479 solem,

88 2486 258 2540 reliqua
303 2486 508 2528 coelestia
553 2500 760 2541 corpora,
809 2483 925 2526 unde
974 2482 1175 2525 tandem.
1201 2483 1448 2538 prodierint

90 2543 222 2594 etiam
253 2541 480 2593 animalia,
524 2543 722 2598 plantae,
765 2548 936 2594 cetera,
981 2554 1092 2595 quae
1130 2540 1212 2582 hac
1256 2539 1300 2581 in
1331 2545 1448 2582 terra

85 2599 375 2654 reperiantur.
446 2598 681 2642 Enimvero
721 2600 766 2641 in
809 2597 1072 2654 generandis
1111 2596 1208 2639 istis
1245 2597 1448 2639 omnibus

92 2661 288 2699 naturam
328 2661 477 2710 atque·
501 2668 646 2698 casum
688 2656 939 2713 regnavisse
971 2670 1023 2697 ex
1053 2669 1105 2696 eo
1138 2659 1296 2709 putant
1323 2653 1451 2696 intel-

90 2713 168 2770 ligi
198 2725 350 2769 posse‚
390 2711 507 2767 quod
550 2712 722 2769 singula
763 2728 860 2756 cum
901 2710 1086 2769 singulis
1127 2710 1308 2753 fortuito
1349 2725 1452 2752 con-

1105 2790 1184 2832 Β*
