1781 2971
230 152 311 192 DE
345 149 619 193 LEGIBUS
650 151 767 192 111ss.
800 149 908 190 XII.
947 150 993 189 P.
1025 149 1119 189 947.
1154 148 1217 190 St.

1358 147 1440 187 363

93 270 245 320 κλίνην
280 266 440 311 ἑκατὸν
476 269 563 310 τῶν
602 271 707 309 νέων
744 266 831 307 τῶν
866 269 911 307 ὲν
938 273 1030 314 τοῖς
1054 267 1326 320 γυμνασίοις,
1366 260 1443 312 οὒς

83 330 150 376 7ιέιὶν
197 338 240 377 οἱ
282 333 577 390 προςήκοντες
622 335 701 377 τοῦ
757 331 1098 384 τελευτήσαντος
1152 329 1441 389 ἐπιόψωνται,

92 399 294 457 πρώτους
335 404 379 445 δὲ
425 408 623 456 προϊεναι
675 398 778 449 τοὺς
824 397 1008 449 ἠϊθέους
1063 397 1144 450 τὴν
1203 393 1443 451 πολεμικήν

92 466 251 520 σκευὴν
296 466 580 517 ἐνδεδυκότας
626 467 861 515 ἑκάστους,
907 465 988 509 σὺν
1026 474 1119 514 τοῖς
1154 469 1325 508 ἵπποισι
1364 466 1443 518 μὲν

91 538 263 590 ἱππέας,
299 534 381 576 σὺν
417 537 461 577 δὲ
498 531 651 583 ὅπλοις
688 531 884 581 ὁπλίτας,
920 536 992 574 καὶ
1030 531 1132 580 τοὺς
1169 529 1331 580 ἄλλους
1366 529 1444 580 ὠς-

90 599 260 655 αύτως,
298 603 461 650 παῖδας
492 603 535 644 δὲ
573 602 670 655 περὶ
707 597 851 650 αὐτὴν
887 598 970 651 τὴν
1006 601 1157 650 κλίνην
1185 600 1445 653 ἔμπροσθεν

91 665 140 710 τὸ
179 666 370 724 πάτριον
404 670 533 724 μέλος
569 673 790 726 ἐφυμνεῖν,
825 667 898 707 καὶ
934 664 1071 719 κόρας
1099 669 1317 718 ἑπομένας
1353 662 1444 715 ὲξό-
1476 681 1517 722 D

89 736 256 778 πισθεν
291 733 396 778 ὅσαι
431 733 473 777 τ’
513 732 571 776 (ἓν
609 741 810 788 γυναῖκες
830 733 908 784 τῆς
930 730 1284 783 παιδοποιήσεως
1300 730 1443 783 ἀπηλ-

89 804 303 856 λαγμέναι
344 799 610 856 τυγχάνωσι,
656 797 767 856 μετὰ
816 800 860 840 δὲ
905 800 1050 841 ταῦτα
1097 801 1237 854 ἱερέας
1280 814 1325 840 τε
1369 799 1444 839 καὶ

89 871 247 923 ἱερείας
282 865 339 918 ὡς
374 866 685 925 καθαρεύοντι
721 866 782 921 τῷ
819 863 949 922 τάφῳ
986 869 1198 916 ἕπεσθαι,
1238 862 1316 908 ἐὰν
1352 862 1441 920 ἄρα

181 1022 219 1054 C.
269 1025 349 1053 τοῦ
381 1021 731 1062 τελευτήσαντος
764 1018 1062 1061 ἐπιόψωνται]
1094 1019 1207 1060 Vulgo
1233 1017 1444 1059 ἐπόψοντηι.

92 1067 171 1099 Par.
198 1069 244 1100 A,
272 1072 306 1100 et
331 1079 380 1110 pr.
398 1067 472 1102 vat.
496 1066 534 1102 Ω.
559 1078 633 1100 eum
663 1067 755 1099 Flor.
783 1077 813 1098 a.
840 1065 1054 1107 ἐπιόψωνται,
1081 1070 1118 1096 ut
1143 1065 1280 1106 scripsit
1297 1063 1442 1096 Schnei-

90 1113 162 1146 der.
210 1114 438 1147 correximus
473 1112 690 1157 ἐπιόψωνται
725 1112 768 1144 de
793 1112 966 1144 sententia
997 1111 1218 1150 Buttmanni,
1251 1110 1294 1142 de
1320 1120 1383 1151 qua
1412 1119 1441 1143 v,

89 1170 129 1192 ex
136 1159 266 1202 plicatt.

89 1275 279 1312 partem,
314 1277 351 1303 ut
386 1272 539 1313 loquitur
578 1271 729 1304 Horat.

89 1317 200 1359 Epod.
231 1318 270 1349 ll.
297 1317 353 1352 39.

135 1363 175 1395 C.
232 1360 308 1400 οὓς
342 1362 390 1393 ἂν
425 1364 466 1394 οἱ
497 1361 732 1403 προςήκον-

88 1420 161 1445 τες
195 1427 238 1433 -
269 1407 566 1450 ἐπιόψωνται]
623 1408 732 1449 Vulgo

88 1453 301 1496 ὲηόψονται,
326 1454 421 1495 quod
446 1455 597 1486 correxit
623 1455 733 1486 Asti-

89 1509 135 1531 us
167 1500 209 1531 ad
245 1500 370 1540 Remp.
403 1511 435 1541 p.
462 1499 539 1534 374.
575 1498 734 1539 ἕπόψων-

87 1558 147 1576 ται
180 1556 352 1587 reponens
385 1546 573 1578 instaurata
605 1545 734 1577 exoleti

88 1591 207 1623 aoristi
225 1592 405 1631 memoria,
432 1602 533 1632 quem
550 1601 616 1623 non
634 1601 734 1632 sper-

87 1636 238 1670 nendum
281 1648 360 1669 esse
398 1638 552 1669 ostendit
592 1636 730 1668 Lobe-

89 1683 216 1714 ckius
242 1683 283 1715 ad
316 1682 495 1724 Phrynicli.
524 1694 554 1724 p.
583 1682 660 1717 734.
690 1681 733 1713 Et

88 1729 244 1760 firmatur
270 1729 352 1761 llaec
386 1730 491 1761 lectio
518 1730 730 1761 testimoniis

89 1774 248 1806 codicum
299 1775 531 1816 optimorum,
583 1774 730 1806 Parisini

88 1822 149 1860 A.,
177 1820 232 1861 qui
259 1820 388 1861 liquido
416 1821 642 1862 perscriptum
672 1819 728 1851 ha-

88 1866 148 1898 bet
173 1865 386 1906 ἐπιόψωνται,
413 1871 518 1906 atque
538 1866 657 1897 Veneti
680 1863 730 1902 9.,

88 1912 144 1953 qui
189 1911 341 1942 Bastio
380 1912 520 1952 quidem
563 1915 652 1943 teste
688 1922 729 1943 ex

89 1966 179 1989 corr.
213 1956 349 1988 demum
385 1956 579 1999 ἐπόψονται
614 1957 730 1987 habet.

89 2002 313 2035 Nihilominus
363 2013 438 2035 cum
481 2002 732 2035 Turiceusibus

88 2046 333 2090 ἐπιόψωνται
359 2048 531 2086 dedimus,
557 2048 649 2089 quod
678 2058 732 2080 re-

89 2093 302 2126 stituendum
325 2094 410 2125 vidit
438 2095 733 2126 Buttmannus

89 2140 151 2171 Gr.
176 2140 237 2170 Gr.
271 2141 383 2181 Ampl.
415 2141 493 2172 Vol.
521 2140 572 2171 11.
602 2151 633 2181 p.
653 2140 732 2173 201.

90 2185 144 2218 ed.
167 2186 221 2218 1..
247 2185 414 2217 Differunt
436 2187 524 2218 enim
547 2185 734 2227 ἐπόψομαι

90 2235 124 2263 et
148 2229 345 2272 ἐπιόψομαι
383 2233 416 2263 vi
449 2237 484 2264 et
510 2232 731 2273 significatio—

90 2285 132 2308 ne
179 2286 262 2313 sua,
316 2277 595 2318 quandoquidem
647 2277 730 2310 illud

91 2326 162 2354 est:
184 2322 408 2354 intueriet
434 2323 730 2365 contemplari

90 2366 261 2408 aliquid
287 2368 730 2408 cognoscendicaus-

90 2423 155 2452 ους
197 2413 276 2444 hoc
317 2418 462 2446 autem
503 2415 730 2456 deligendi

91 2468 247 2490 caussa
287 2459 445 2500 aliquid
479 2460 729 2493 considera-

91 2514 145 2536 re.
175 2504 356 2536 Suidas:
379 2503 645 2546 Ἐπιώψατο·
671 2519 730 2538 κα-

91 2548 238 2588 τέλεξεν,
272 2550 454 2586 ἐξελέξατο.
487 2552 558 2582 ἔστι
587 2549 621 2582 δ’
654 2550 733 2584 Ἀτ-

91 2592 198 2626 τικιῖν.
220 2592 257 2626 ‘O
280 2593 443 2636 βασιλεῦς
465 2595 646 2634 ἐπιώψατο
671 2596 731 2638 ἄρ’·

89 2639 279 2683 ρηφόρους.
315 2637 408 2680 οἷον,
443 2642 634 2679 κατέλεξεν,
665 2643 731 2678 ἐξε·

91 2686 219 2721 λέξατο.
237 2685 386 2719 Πλάτων
403 2687 436 2718 ἐν
450 2687 601 2727 Νόμοις.
630 2688 729 2732 Ety-

93 2732 187 2764 mol.
220 2731 268 2767 Μ.
305 2742 337 2774 p·
372 2733 451 2768 362-
485 2733 542 2768 39.
588 2732 729 2766 'Eunu'-

798 1279 915 1313 ψατο
950 1266 1252 1312 ἅῤῥηφόρους·
1292 1267 1442 1301 Πλάτων

801 1317 834 1348 ἐν
858 1313 1010 1356 Νόμοις.
1037 1315 1106 1345 ἔστι
1131 1314 1163 1345 ‹5'
1187 1314 1358 1355 Ἀττικόν,
1384 1314 1443 1346 ἆν-

801 1362 837 1392 τὶ
855 1364 919 1392 τοῦ
939 1359 1126 1399 κατέλεξεν,
1144 1360 1325 1395 ἐξελέξατο.
1342 1360 1441 1403 Apud

802 1413 991 1447 utrumque
1023 1409 1229 1446 scriptorem
1267 1407 1444 1439 Pierso-

803 1463 879 1485 nus
905 1452 948 1484 ad
976 1452 1122 1484 Moerid.
1150 1463 1182 1492 p.
1209 1452 1288 1485 142.
1325 1463 1386 1493 pro
1411 1454 1446 1484 ἐν

802 1496 942 1538 Νόμοις
983 1498 1216 1536 retingendum
1259 1504 1380 1531 censet
1412 1499 1446 1529 ἐν

801 1543 949 1583 Νήσοις,
976 1543 1020 1575 de
1048 1543 1196 1574 Platone
1223 1544 1359 1576 comico
1385 1554 1448 1576 co-

801 1590 929 1630 girans.
1003 1590 1181 1621 Aorlstum
1236 1590 1445 1622 coniunctivi

802 1637 926 1676 probat
965 1636 1067 1666 etiam
1111 1634 1343 1667 Hermann.
1396 1637 1445 1668 De

800 1681 841 1712 ἄν
867 1681 1034 1722 particula
1063 1691 1094 1720 p.
1122 1681 1177 1714 37.

847 1727 922 1757 σὺν
956 1730 1050 1759 τοῖς
1078 1726 1257 1757 ἵπποισι
1281 1729 1353 1765 μὲν
1379 1727 1444 1757 ἱπ-

799 1772 930 1812 πέας]
960 1771 1103 1811 Equites
1130 1777 1164 1804 et
1190 1773 1305 1813 gravis
1332 1782 1443 1803 arma-

799 1823 896 1850 turae
923 1819 1052 1849 milites
1086 1829 1193 1859 saepe
1224 1819 1382 1859 coniungi
1411 1823 1445 1849 et

800 1865 888 1895 inter
915 1875 951 1895 se
968 1864 1115 1904 opponi,
1144 1864 1248 1895 docet
1274 1864 1444 1896 Dorvil-

801 1910 879 1941 lius
906 1909 948 1940 ad
978 1910 1154 1940 Chariton.
1185 1920 1215 1950 p.
1245 1910 1441 1943 70:141.

804 1955 858 1988 ed.
885 1954 982 1996 Lips.

849 2001 887 2031 D.
937 1998 1073 2042 κόρας
1104 2000 1324 2040 ἑπομένας
1357 1999 1443 2036 ἐξό-

800 2046 986 2086 πισθεν]
1038 2046 1156 2077 Etiam
1208 2044 1353 2078 Athenis
1402 2056 1444 2078 ex

801 2097 989 2133 praecepto
1018 2092 1161 2123 Solonis
1191 2092 1352 2123 mulieres
1377 2101 1444 2124 non

803 2143 881 2170 ante
915 2142 1028 2170 torum
1064 2137 1244 2170 funebrem
1273 2137 1443 2178 procede-

803 2185 901 2222 bant„
928 2183 988 2215 sed
1019 2193 1108 2224 pone
1138 2182 1384 2224 sequebantur.
1413 2194 1442 2214 v.

801 2229 981 2270 Taylor.
1009 2229 1119 2260 Lectt.
1149 2228 1283 2270 Lysiae.
1313 2229 1396 2269 Cap.
1417 2229 1442 2260 1.

801 2287 833 2317 ρ.
861 2275 940 2310 677.
975 2279 1010 2307 et
1035 2275 1215 2306 Dorvill.
1248 2273 1290 2304 ad
1323 2273 1443 2306 Chari-

800 2325 871 2354 ton.
899 2332 930 2363 p.
959 2321 1013 2354 71.
1041 2331 1085 2351 z
1109 2320 1188 2354 242.
1216 2319 1270 2352 ed.
1298 2319 1396 2360 Lips.

843 2365 892 2404 ὦς·
931 2365 1238 2408 καθαρεύοντι
1285 2368 1338 2406 τῷ
1377 2364 1443 2396 ἰα’-

799 2413 1162 2455 φῳ]3ερι]1ῡιιι·3ιῃ
1190 2414 1444 2452 sequuntor

799 2463 955 2500 utpote
987 2469 1006 2489 a
1041 2458 1290 2498 pollutione
1319 2467 1442 2489 vacu-

801 2515 877 2537 am.
912 2504 1021 2545 Legg.
1056 2503 1114 2534 Vl.
1150 2513 1182 2544 p.
1217 2502 1295 2537 759.
1329 2502 1374 2534 C:
1410 2504 1444 2534 ἐκ

801 2552 1074 2593 καθαρευουσῶν
1115 2546 1286 2588 οἰκήσεων.
1332 2548 1442 2580 Phae—

801 2596 881 2628 don.
917 2607 948 2636 p.
979 2594 1034 2628 58.
1072 2594 1113 2625 B:
1151 2592 1257 2636 νόμος
1289 2594 1363 2625 ἐστι
1397 2612 1440 2618 —

799 2641 862 2683 τὴν
888 2638 988 2673 πόλιν
1013 2638 1236 2682 καθαρεύειν.
1263 2647 1291 2672 v.
1322 2640 1440 2672 Bois-

800 2697 886 2719 son.
931 2685 973 2718 ad
1014 2684 1173 2718 Philostr.
1207 2696 1239 2726 p.
1281 2685 1361 2720 339.
1397 2703 1440 2709 —

799 2732 868 2766 ἐὰν
922 2731 1003 2774 ἄρα
1049 2731 1122 2763 καὶ
1177 2734 1251 2764 τῶν
1303 2729 1441 2762 ἄλλων
