1781 2971
268 511 307 551 D

353 183 436 225 290
839 182 1211 227 PLATONIS

349 298 493 354 φάναι
529 299 599 340 καὶ
639 303 832 354 πατέρας
876 300 980 352 τοὺς
1028 303 1336 344 πεντεκαίδεκα
1383 303 1470 344 τῶν
1503 318 1701 360 νομοφυ-

349 364 496 406 λακων
543 369 804 408 καταλιπεῖν
848 376 940 417 τοῖς
983 366 1202 425 ὀρφανοῖς
1246 371 1319 410 καὶ
1364 367 1587 427 ὀρφαναῖς
1622 367 1701 411 τὸν

353 433 635 485 νομοθέτην·
685 430 795 488 πρὸς
841 434 920 483 οὓς
968 436 1223 483 ἐπανιόντες
1273 436 1623 487 διαδικαζέσθων
1659 439 1703 477 οὶ

353 501 450 553 περί
487 514 606 548 τινος
641 501 729 540 τῶν
763 500 986 544 τοιούτων
1023 500 1426 560 ἀμφιςβητοῦντες,
1473 502 1598 558 κύρια
1633 518 1702 543 τε·

350 567 531 614 λοῦντες
569 565 623 607 τὰ
663 565 833 610 τούτων
871 566 1087 623 δόγματα.
1125 566 1183 610 ἄν
1209 570 1252 610 δὲ
1280 585 1340 622 τῳ
1375 569 1529 620 μείζων
1567 568 1700 610 δύνα-

349 649 421 684 μις
463 635 832 676 ἐπανατίθεσθαι
877 636 984 693 δοκῇ
1035 641 1127 683 τοῖς
1173 635 1498 692 νομοφύλαξιν,
1545 640 1604 684 εὶς
1648 632 1700 676 τὸ

350 701 439 740 τῶν
474 703 680 754 ἐκκρίτων
716 703 935 743 δικαστῶν
979 700 1260 755 δικαστήριον
1305 702 1489 755 εὶςάγων
1535 699 1703 750 αὐτοὺς

351 767 673 818 διαδικαζέσθω
735 770 832 822 περὶ
885 769 972 809 τῶν
1031 767 1477 825 ἀμφιςβητουμένων·
1545 769 1606 822 τῷ
1655 770 1700 810 δὲ

350 831 592 884 ἡττηθέντι
631 833 752 888 παρὰ
796 837 870 878 τοῦ
918 838 1174 888 νομοθέτου
1222 833 1368 893 ψόγος
1414 837 1486 878 καὶ
1531 833 1702 884 ὄνειδος

348 901 539 949 κείσθω,
588 903 764 944 πολλῶν
819 902 1060 958 χρημάτων
1110 903 1220 944 νοῦν
1276 901 1519 957 ’κεκτημένῳ
1569 903 1700 956 ζημία

350 967 589 1022 βαρυτέρα.

454 1031 566 1092 Cap.
604 1030 736 1077 VIII.

806 1036 907 1077 Νῦν
943 1032 995 1085 δὴ
1034 1041 1127 1083 τοῖς
1171 1034 1389 1091 ὀρφανοῖς
1424 1037 1549 1078 παισὶ
1584 1040 1701 1090 γένε-

282 1115 321 1157 Ε
351 1115 417 1149 σις
454 1099 551 1144 οἷον
587 1102 765 1158 δευτέρα
801 1118 867 1151 τις
904 1101 1090 1155 γίγνοιτ’
1132 1099 1204 1144 ἄν.
1237 1100 1347 1156 μετὰ
1387 1105 1467 1156 μὲν
1503 1095 1582 1145 οὖν
1619 1100 1700 1154 τὴν

352 1166 532 1223 πρώτην
580 1166 780 1218 ἑκάστοις
836 1168 1032 1224 εἴρηνται
1091 1170 1257 1226 τροφαὶ
1302 1171 1374 1212 καὶ
1432 1166 1699 1219 παιδεύσεις·

445 1322 484 1353 Ι),
534 1320 714 1362 δευτέρα
750 1331 812 1353 τις
852 1322 976 1366 γιγι.]
1014 1331 1063 1353 τις
1095 1333 1160 1353 om.
1191 1325 1228 1354 A.
1256 1327 1288 1354 et
1314 1334 1364 1364 pr.
1397 1321 1434 1355 Ω.
1487 1324 1575 1355 Mox
1602 1325 1639 1357 A.
1665 1328 1699 1355 et

348 1378 399 1409 pr
432 1365 469 1400 52.
495 1366 673 1399 malicum
697 1378 761 1409 pro
789 1367 909 1400 παιδει’
904 1378 990 1406 σ,εις
1015 1373 1054 1399 ut
1078 1370 1220 1409 scripsit
1245 1368 1348 1400 Scbn.

443 1414 481 1445 E.
532 1415 699 1454 πρῶτον
724 1413 795 1453 μὲι
825 1412 871 1456 δὴ
903 1414 1059 1457 φαμὲν]
1089 1413 1200 1454 φαμὲν
1225 1426 1291 1446 om.
1317 1425 1366 1457 pr.
1397 1412 1435 1446 Ω.
1463 1419 1496 1446 et
1523 1418 1560 1445 A.

441 1457 757 1500 προςτάττομεν
783 1458 958 1502 ἐμμελῆ]
987 1461 1046 1493 Sic
1076 1461 1149 1492 vat.
1176 1461 1198 1494 f
1227 1461 1320 1493 Flor.
1348 1472 1377 1492 ο.
1403 1466 1436 1492 et
1461 1470 1569 1501 marg.
1601 1461 1638 1493 A.
1660 1457 1698 1491 Ω.

347 1515 382 1535 x.
409 1515 439 1536 a.
465 1515 493 1536 c.

349 1549 514 1583 Schneid.
541 1553 709 1584 servavit.

351 1660 457 1703 φάναι
475 1664 673 1705 imperativi
693 1665 784 1696 vices
800 1666 985 1698 sustinere.

350 1708 429 1746 Qua
454 1712 591 1742 ratione
623 1713 785 1750 inventa,
821 1711 987 1743 habemus

349 1756 417 1787 iam
444 1758 653 1788 sententiam
678 1757 808 1788 hancce
831 1759 923 1788 omni
946 1768 987 1789 ex

348 1807 448 1842 parte
462 1803 695 1843 probabilem:
715 1804 810 1834 acsi
833 1814 941 1844 cogn
953 1814 988 1835 a-

351 1852 490 1879 torum
527 1850 741 1890 quispiam
768 1850 830 1879 vel
862 1852 988 1881 etiam

350 1898 470 1924 tutor
503 1895 543 1925 id
571 1895 814 1934 confirmet,
829 1895 861 1926 h.
882 1906 911 1927 e.
929 1897 989 1927 ita¹

349 1939 598 1972 faciendum
636 1950 729 1972 esse
763 1942 899 1980 dicat3
930 1943 986 1973 di-

349 1990 497 2025 cunto,
531 1988 730 2018 arbitros
757 1997 803 2018 ac
835 1993 986 2028 patres

349 2042 447 2063 esse
490 2033 746 2073 quindecim
789 2034 894 2065 illos
933 2034 986 2065 le-

349 2088 443 2118 gum
483 2080 692 2110 custodes
729 2079 849 2111 orbis
884 2090 903 2111 a
935 2080 986 2111 le-

350 2123 600 2164 gumlatore
642 2124 888 2156 relictos:
937 2126 986 2157 ad

351 2179 478 2211 quos
527 2170 791 2202 accedentes
842 2171 986 2202 litem

350 2220 492 2256 agant,
519 2221 591 2247 etr.
631 2214 804 2247 Nimirum
823 2217 872 2248 ita
891 2222 987 2247 tutor

349 2263 524 2303 postulat,
563 2267 601 2293 ut
634 2272 688 2293 res
723 2272 765 2293 ex
798 2263 874 2303 lege
908 2263 986 2300 fiat3

350 2308 426 2339 orbi
448 2317 545 2348 vero,
562 2308 716 2351 ‚obsequi
744 2309 914 2349 nolentes,
941 2309 985 2340 ad

349 2355 464 2395 legum
503 2355 684 2393 custodes,
729 2355 788 2395 qui
829 2355 902 2386 eius
936 2355 984 2385 rei

352 2401 421 2431 sint
457 2399 579 2431 arbitri
619 2401 846 2442 ipsorumque
887 2401 986 2442 quasi

352 2451 486 2486 patres,
512 2450 719 2486 provocant,
746 2446 849 2488 idque
875 2453 913 2478 ut
937 2449 986 2478 ita

350 2492 426 2523 fieri
453 2492 567 2531 liceat,
594 2493 670 2534 ipsa
684 2492 749 2523 hac
773 2493 883 2524 astera
910 2493 985 2533 lege

350 2538 516 2569 sancitur.
551 2539 625 2570 Iam
653 2548 735 2569 vero
753 2538 817 2570 hac
834 2538 984 2579 Eugei-

350 2584 500 2615 hardti
535 2585 768 2625 explicatione
803 2585 986 2626 proposita

347 2640 421 2661 non
447 2639 534 2670 opus
560 2635 732 2670 putamus,
759 2636 797 2660 ut
828 2631 870 2662 de
897 2631 985 2662 alio-

349 2686 425 2707 rum
481 2676 707 2716 opinionibus
757 2685 984 2717 exponamus.

349 2720 437 2759 Quis
485 2722 576 2753 enim
630 2721 788 2763 frugibus
835 2723 986 2754 inventis

349 2769 535 2810 glandibus
561 2769 654 2800 vesci
680 2768 945 2809 concupiverit?

548 1507 657 1538 Editt
692 1512 772 1538 ante
807 1517 870 1539 nos
903 1518 1042 1540 omnes·
1081 1503 1331 1548 προςτᾰττομεν
1368 1505 1404 1538 ἐν
1438 1505 1568 1547 μελέτῃ,
1603 1505 1699 1548 quod

1105 1666 1143 1697 D.
1191 1664 1251 1696 εἰς
1286 1662 1330 1696 τὸ
1367 1665 1448 1696 τῶν
1483 1663 1698 1704 ἐκκρίτων

1057 1709 1288 1753 δικαστῶν]
1322 1711 1374 1742 De
1402 1711 1468 1742 hoc
1493 1711 1623 1742 iudicio
1648 1712 1697 1742 le-

1055 1759 1170 1799 genda
1214 1762 1296 1788 sunt
1341 1767 1430 1797 quae
1473 1763 1699 1797 exponuntur

1054 1804 1150 1835 Libr.
1181 1803 1242 1846 yl.
1270 1814 1301 1844 p.
1331 1803 1406 1837 767.
1436 1803 1474 1834 l).
1503 1814 1578 1844 sqq.
1615 1803 1694 1838 coll.

1060 1850 1107 1881 lX
1134 1861 1167 1891 p.
1193 1848 1272 1882 855.
1299 1848 1338 1880 C.

1103 1918 1188 1960 Cap.
1219 1918 1304 1951 vul.
1349 1918 1389 1948 Ε.
1428 1914 1524 1955 μετὰ
1552 1914 1595 1947 δὲ
1621 1913 1698 1957 τὴν

1058 1963 1264 2005 δευτέραν
1297 1964 1352 2004 —]
1382 1962 1470 1995 Nam
1497 1963 1608 1994 orbati
1636 1972 1695 2003 pa-

1058 2012 1216 2042 rentibus
1248 2010 1411 2041 videntur
1446 2010 1545 2050 quasi
1579 2010 1694 2040 denuo

1056 2058 1130 2089 nati
1156 2067 1243 2095 esse,
1270 2061 1392 2096 utpote
1416 2055 1565 2086 aliorum
1591 2063 1694 2085 curae

1056 2104 1124 2134 iam
1151 2103 1327 2134 commissi
1347 2112 1386 2133 ac
1402 2111 1512 2132 novos
1529 2106 1693 2142 tanquam

1056 2149 1148 2180 nacti
1174 2153 1349 2189 parentes,

1102 2213 1192 2247 ἀντὶ
1250 2211 1520 2256 γεννητόρων
1556 2231 1599 2236 ——
1643 2209 1694 2244 ov·

1052 2261 1240 2303 χείρους]
1270 2262 1310 2293 H.
1339 2272 1366 2292 e.
1392 2260 1539 2301 prouti
1573 2261 1691 2298 geni-

1053 2313 1172 2340 tores
1198 2307 1320 2339 fuere
1346 2312 1511 2348 patres,
1547 2306 1611 2337 ita
1635 2305 1693 2345 hi,

1053 2354 1230 2386 illorum
1258 2354 1399 2384 locum
1428 2353 1691 2390 obtinentes,

1053 2410 1134 2431 non
1162 2401 1430 2436 deteriore83
1469 2398 1533 2429 als
1562 2396 1691 2428 Stell-

1055 2452 1278 2477 vertreter
1323 2446 1399 2476 der
1444 2444 1690 2484 Erzeuger,

1053 2493 1177 2524 nieht
1225 2490 1503 2523 schlechtere
1553 2489 1691 2520 Viter

1053 2539 1119 2573 als
1150 2539 1255 2569 iene.
1309 2536 1476 2569 Similiter
1501 2530 1579 2566 α’νιί
1599 2545 1690 2566 com-

1053 2584 1222 2626 parativis
1258 2584 1410 2614 iunctum
1445 2581 1690 2622 explicandum

1053 2636 1106 2662 est
1132 2631 1175 2661 iis
1200 2630 1300 2668 locis,
1325 2638 1414 2670 quos
1439 2631 1692 2667 congesserunt

1054 2675 1298 2708 Markland.
1331 2674 1375 2706 ad
1411 2673 1532 2713 Eurip.
1565 2671 1690 2713 Suppl.

1055 2733 1085 2752 v.
1112 2722 1191 2756 419.
1224 2721 1407 2752 Fischer
1437 2719 1486 2751 ad
1514 2718 1688 2750 Weller.

1055 2766 1432 2801 GrammMatthiae
1457 2763 1689 2806 iu.1.p.350.
