1781 2971
239 135 319 177 DE
353 133 629 178 LEGIBUS
661 133 778 176 LIB.
812 133 894 175 XI.
931 133 976 174 P.
1010 134 1103 175 9⁶25.
1140 133 1203 175 St.
1324 133 1403 175 287

52 255 165 297 σθεν
201 256 326 308 ἐχέτω
365 251 525 308 νόμον,
560 252 725 303 θηλεια
765 253 809 294 δὲ
844 253 917 294 καὶ
954 248 1120 329 ἄρρην,
1169 248 1266 294 οἷον
1304 250 1405 301 ξύν-

51 338 201 376 νομοι,
248 320 413 362 ἴτωσαν
450 325 494 362 ὲκ
537 320 617 362 τοῦ
661 324 812 372 γένους
853 323 912 368 εἰς
956 318 1037 361 τὸν
1074 318 1406 374 ἐξηρημωμένον

51 386 258 431 ἑκάστοτε
296 404 432 437 οικον,
468 379 529 428 ὧν
566 384 588 428 ὁ
615 386 776 442 κλῆρος
800 388 1020 440 γιγνέσθω
1042 388 1210 439 κυρίως,
1233 383 1405 442 ἀδελφὴ

48 457 128 511 μὲν
165 456 357 510 πρῶτον,
394 452 592 512 ἀδελφοῦ
630 454 674 495 δὲ
717 452 928 508 θυμέτηρ
968 455 1161 507 δευτέρα,
1197 456 1322 508 τρίτη
1358 453 1403 493 δὲ

51 527 232 576 ἔκγονος
275 520 493 577 ἀδελφῆς,
545 517 731 577 τετάρτη
779 522 822 562 δὲ
871 517 1040 576 πατρὸς
1089 517 1290 577 ἀδελφή,
1334 521 1406 561 καὶ

51 595 224 643 πέμπτη
263 585 432 643 πατρὸς
466 587 666 645 ἀδελφοῦ
704 594 834 637 παῖς,
870 590 970 638 ἕκτη
1009 587 1052 628 δὲ
1089 584 1286 644 ἀδελφῆς
1323 601 1407 626 πα-

51 655 156 710 τρὸς
199 653 258 697 ἂν
303 655 367 707 εἴη
416 662 546 703 παῖς·
595 658 854 707 συνοικίζειν
899 655 945 695 δὲ
1003 652 1173 702 ταύτας
1227 654 1407 701 ἐκείνοις

50 722 150 766 κατ’
192 721 448 777 ἀγχιστείαν
485 723 557 763 καὶ
594 723 754 775 θέμιν,
803 718 862 769 ὡς
895 722 1156 776 ἔμπροσθεν
1188 721 1407 774 ἐνομοθε-

49 790 262 843 τήσαμεν.
305 786 365 843 μη
405 785 457 840 δὴ
494 789 760 830 λανθανέτω
796 786 846 829 τὸ
882 788 970 829 τῶν
1007 785 1225 830 τοιούτων
1256 784 1407 841 νόμων

51 855 168 912 ἡμᾶς
203 855 380 911 βάρος,
426 853 484 904 ὡς
527 856 729 910 χαλεπῶς
773 858 890 898 ἔστιν
930 851 1003 897 ὅτε
1039 852 1307 910 προςτοίττει
1344 854 1405 907 τῷ

49 925 131 967 τοῦ
178 921 520 974 τελευτησαντος
567 919 680 964 κατα
743 929 867 976 γένος
914 925 1056 975 οἰκείῳ
1113 929 1269 975 γαμεῖν
1326 918 1406 972 τὴν

49 991 256 1046 ξυγγενῆ,
299 987 357 1044 μὴ
406 991 523 1032 δοκεῖ
566 991 611 1031 δὲ
657 997 839 1032 σκοπεῖν
885 986 912 1030 ἂ
963 991 1097 1044 μυρία
1135 993 1181 1030 ἐν
1217 984 1403 1045 ἀνθρώ-

50 1076 152 1108 ποις
186 1055 373 1110 ἐμπόδια
409 1059 603 1109 γίγνεται
641 1064 734 1105 τοῖς
771 1054 990 1106 τοιούτοις
1027 1053 1289 1109 ἐπιτάγμασι
1325 1055 1404 1098 τοῦ

48 1126 108 1181 μή
158 1141 256 1166 τινα
303 1125 475 1166 ἐθέλειν
521 1125 796 1173 πείθεσθαι,
841 1121 1063 1179 πρότερον
1118 1124 1162 1165 δὲ
1200 1120 1407 1171 οῧςτινας

50 1192 204 1236 ὁτιοῦν
241 1187 298 1232 ἂν
334 1192 624 1246 βουληθῆναι
674 1192 870 1240 παθεῖν,
918 1187 1092 1232 ὁπόταν
1127 1188 1151 1241 i)
1189 1189 1406 1245 σωμάτων

51 1257 286 1312 νοσήματα
323 1260 396 1300 καὶ
434 1257 647 1312 πηρώσεις
685 1254 709 1309 ἢ
747 1259 948 1307 διανοίας
985 1261 1031 1299 ἔν
1068 1272 1153 1299 τισι
1191 1258 1278 1298 τῶν
1314 1260 1406 1298 ἑπι-

49 1329 332 1380 ταττομένων
392 1333 548 1379 γαμεῖν
594 1321 618 1376 ἢ
665 1326 912 1380 γαμεῖσθαι
967 1327 1182 1378 γίγνηται.
1234 1323 1406 1366 τούτων

141 1479 194 1524 μὴ
236 1479 355 1511 δοκεῖ
383 1479 423 1511 δὲ
457 1479 536 1521 σιμ]
572 1478 651 1520 dour]
682 1503 717 1513 ...
754 1490 783 1511 v.
820 1488 907 1511 corr.
939 1481 977 1511 A.
1005 1483 1038 1510 et
1065 1489 1113 1521 pr.
1145 1479 1193 1510 Ω.
1241 1478 1334 1512 Dein
1367 1476 1405 1511 Ω.

51 1528 159 1570 μιρία
192 1527 233 1557 ἓν
265 1523 466 1569 ανθρωηοις
497 1535 573 1557 cum
608 1526 700 1568 vuig.

49 1571 270 1616 ἅιθρωτιοις,
296 1572 425 1604 omisso
452 1572 496 1603 ἐν.

758 1526 828 1558 Sed
860 1535 970 1567 marg
1003 1535 1046 1556 ex
1080 1526 1148 1557 alio
1181 1523 1258 1557 cod
1295 1527 1404 1568 μιρία

144 1619 183 1651 Ε.
235 1616 405 1650 ὁπόταν
439 1615 458 1656 ἢ
491 1615 720 1658 σωμάτων]
754 1616 824 1648 Pro
857 1614 898 1657 ἢ,
930 1615 1023 1664 quod
1054 1619 1137 1648 vett.
1172 1615 1269 1647 editt.
1304 1615 1403 1656 igno-

50 1670 147 1706 rant,
184 1666 222 1695 A.
250 1664 296 1695 Ω.
322 1664 358 1696 Ξ.

49 1712 138 1743 unde

48 1765 119 1789 tum
146 1761 211 1789 est.

50 1895 189 1935 ἐγγενῶν
213 1890 372 1929 ὀλοίατο,
406 1891 460 1922 ubi
488 1891 579 1922 maie
602 1891 691 1932 legi-

50 1945 104 1971 tur
130 1937 286 1980 ἐκγόνων.
334 1936 422 1970 Nam
448 1941 558 1968 totum
594 1937 689 1968 illum

52 1989 187 2023 locum,
232 1993 333 2024 quem
366 1992 494 2024 nuper,
528 1986 693 2023 quattuor

52 2031 206 2064 versibus
255 2029 396 2068 eiectis,
447 2027 691 2060 detruncatum

50 2078 197 2114 iverunt,
215 2076 410 2108 etiamnunc
431 2074 529 2105 nobis
550 2085 693 2115 persua-

51 2122 154 2156 simus
183 2122 285 2161 longe
318 2131 396 2153 esse
428 2120 690 2162 integerrimum

50 2170 219 2209 planeque
254 2165 504 2208 Sophocleum,
545 2170 580 2197 et
616 2168 691 2207 qui-

51 2214 129 2246 dem
171 2213 222 2245 eis
263 2212 306 2244 de
349 2213 502 2253 caussis,
545 2222 630 2253 quas
662 2214 694 2245 in

51 2260 285 2291 Commentat.
323 2261 461 2291 nostra:
513 2258 570 2290 De
604 2268 694 2300 per-

52 2315 156 2337 sona
179 2303 342 2336 Bacchi
368 2304 406 2335 in
432 2303 569 2336 Ranis
594 2306 691 2337 Ari-

51 2347 302 2392 stophanis,
329 2351 568 2391 exposuimus.

97 2397 136 2428 C.
188 2394 349 2432 θήλεια
381 2396 424 2427 δὲ
456 2395 528 2427 καὶ
559 2394 692 2438 ἅρῤην

53 2442 116 2484 -]
153 2442 314 2481 intelligit
354 2451 433 2479 θος,
474 2442 531 2482 qui
563 2452 692 2483 genere

52 2488 198 2530 proximi
231 2488 316 2527 sint,
350 2489 480 2528 quique
509 2486 543 2518 id
574 2487 692 2521 facere

52 2534 158 2567 velint
191 2538 226 2566 et
257 2533 522 2575 magistratuum
563 2533 691 2565 iudicio

54 2580 205 2621 possint3
232 2579 321 2611 conf.
349 2589 381 2620 p.
409 2578 489 2613 926.
506 2578 544 2610 C.
590 2579 627 2611 ln
642 2579 693 2612 bis

53 2626 131 2667 qnid
158 2636 176 2657 a
205 2625 277 2657 iure
302 2624 425 2657 Attico
451 2624 611 2665 recedat,
645 2626 692 2657 si-

55 2671 228 2711 gnificavit
252 2670 537 2704 Hermannus
562 2672 583 2703 1.
611 2681 640 2703 c.
658 2682 693 2713 p.

55 2715 112 2750 28.
178 2716 351 2750 Videlicet
398 2716 524 2750 eodem
573 2716 694 2759 modo,

392 1673 421 1696 v.
448 1663 582 1694 f.r.a.
610 1673 638 1694 c.
672 1672 759 1694 curn.
792 1662 874 1694 Bas
908 1663 940 1696 2.

181 1710 360 1742 Bekkerus
405 1708 584 1742 verissime
623 1708 762 1750 scripsit
794 1707 832 1749 ιῖ,
874 1709 965 1750 quod
1001 1718 1043 1740 ex
1082 1708 1182 1740 v.0ss
1213 1718 1245 1740 x.
1284 1711 1405 1740 enota-

972 1666 990 1703 ᾗ
1023 1663 1188 1703 scriptum
1222 1662 1405 1700 exhibent3

762 1902 830 1933 quo
869 1903 911 1925 ex
953 1893 1029 1924 iure
1072 1890 1243 1924 communi
1285 1889 1402 1931 agnati

761 1939 838 1979 ipsa
863 1939 1068 1970 sucessione
1103 1941 1265 1978 tanquam
1293 1937 1325 1968 in
1353 1937 1404 1968 Ιο-

763 1994 838 2015 cum
894 1984 1039 2015 filiorum
1095 1983 1263 2022 subeunt,
1312 1981 1404 2023 apud

764 2030 945 2062 Platonem
967 2030 1068 2062 etiam
1088 2029 1250 2061 mulieres
1276 2037 1406 2068 cogna-

761 2080 817 2107 tae
843 2078 910 2107 τῶν
933 2073 1123 2116 ἐπικλήρων
1145 2075 1219 2107 iura
1235 2075 1405 2106 obtinent.

808 2122 852 2154 D.
904 2120 1175 2158 συνοικίζειν
1222 2120 1264 2152 δὲ
1306 2117 1405 2150 ται]-

761 2179 838 2203 τας
883 2168 950 2209 —]
1009 2166 1242 2199 habitanto
1300 2175 1405 2197 vero

763 2213 874 2245 istae
909 2223 999 2245 cum
1038 2213 1135 2244 illis
1171 2222 1219 2244 ex
1247 2221 1404 2253 cogna-

763 2259 882 2291 tione
910 2264 951 2290 et
976 2260 1086 2295 iure,
1111 2258 1244 2290 sicuti
1276 2261 1404 2289 antea

762 2305 1001 2338 sanximus.

805 2350 859 2392 μὴ
889 2348 934 2391 δὴ
975 2348 1256 2389 λανθανέτω]
1284 2348 1326 2379 In
1353 2346 1401 2379 his

760 2396 803 2438 δὴ
829 2401 901 2429 est:
928 2397 1006 2429 iam
1034 2405 1154 2432 vero,
1189 2397 1227 2426 ut
1254 2403 1400 2426 sexcen-

759 2444 839 2475 ties.
865 2443 949 2477 Quo
968 2443 1127 2483 neglecto
1148 2439 1294 2472 Astius
1321 2450 1398 2481 per-

758 2498 876 2531 peram
904 2489 940 2520 ὃὲ
965 2486 1184 2520 scribendum
1211 2486 1356 2517 censuit.

806 2535 847 2566 E.
897 2537 979 2566 τοῦ
1010 2532 1069 2577 μή
1100 2543 1199 2563 τινα
1223 2531 1401 2563 ἐθέλειν

759 2581 815 2623 γ.]
848 2580 893 2612 Η.
921 2591 953 2612 e.
979 2578 1062 2616 offers
1086 2576 1135 2621 μή
1160 2588 1239 2609 τινα
1265 2578 1402 2608 ἐθέλειν

759 2638 790 2668 y.
841 2627 933 2658 conf.
985 2624 1206 2658 Matthiae
1254 2623 1316 2655 Gr.
1369 2622 1400 2664 ξ.

760 2672 842 2708 533
867 2672 901 2706 4.

809 2717 1027 2762 πρότερον
1052 2716 1096 2750 δὲ
1123 2715 1400 2755 οἷίςτινας-]
