1781 2971
220 138 608 180 inc-LEGlBUS
644 139 758 180 [ΑΒ.
792 137 850 179 X.
888 140 932 179 l'.
968 141 1060 180 000.
1095 140 1189 181 901.
1229 140 1291 181 St.

193 258 290 298 ΚΛ.

188 325 282 366 ΑΘ.

1360 140 1436 181 199

366 257 454 298 Καὶ
494 253 636 298 ταῦθ’
679 254 818 305 οὕτως
855 255 1070 310 ὁμολογοῖ
1106 257 1194 306 πᾶς
1232 253 1304 298 ἄν.

360 325 411 365 Τί
452 324 551 373 δαίς
586 321 795 377 ἀμέλειάν
834 340 876 366 τε
914 327 984 366 καὶ
1021 322 1187 376 ἀργίαν
1223 325 1295 365 καὶ
1336 337 1432 377 πρυ·

85 390 178 447 (μὶν
215 395 273 440 εἰς
307 388 472 445 ἀρετὴν
507 392 653 449 ’ψυχῆς
691 390 922 445 θήσομενῇ
963 388 985 443 ἢ
1025 391 1115 440 πῶς
1151 392 1309 443 λέγειςς

359 657 588 700 'l'a'vavria
626 654 718 711 ἄρα
758 656 931 704 τούτοις
967 660 1025 704 εὶς
1060 655 1336 710 τούναντίοιχ.

191 458 289 499 ΚΛ.
365 458 452 500 Καὶ
489 458 603 506 πῶς;

192 525 286 566 ΑΘ.
351 521 468 565 Ἀλλ’
511 528 568 573 εἰς
607 523 900 574 τοὺναντιύνς

188 592 290 632 KA.
363 591 466 633 Ναί.

181 659 283 700 ΛΘ.

189 725 292 766 ΚΛ.
369 722 519 766 Ίόύνα
527 741 547 764 1¹
555 727 618 766 rio
626 740 662 765 ν.

187 791 284 832 ΑΘ.

361 793 412 832 Τι’
452 784 532 832 οὖν
568 789 648 840 ὄής
685 790 866 847 τρυφῶν
902 791 973 830 καὶ
1009 786 1176 842 ἀμελὴς
1209 785 1351 842 ἀργός
1379 802 1436 835 τε,

83 855 135 898 ὃν
182 855 204 898 ὁ
255 854 445 908 ποιητὴς
491 858 654 915 κηφῆσι
711 856 978 911 κοθούροισι
1029 856 1224 908 μάλιστα
1272 854 1436 897 εἴκελον

82 924 273 981 ἔφασκεν
309 922 434 974 εἶναι,
471 923 654 978 γίγνοιτ’
697 919 754 965 ἂν
790 921 813 965 ὸ
852 924 1056 973 τοιοῦτος
1094 924 1182 973 πᾶς
1214 919 1342 977 ἡμῖν’,

182 1052 231 1085 Τι’
253 1048 331 1084 οὖν
357 1051 425 1095 δής
453 1053 646 1095 τρυφῶν]
674 1051 714 1095 δὴ
742 1053 848 1094 vulgo
876 1055 1041 1085 omissum
1069 1062 1189 1084 omues
1216 1052 1318 1084 codd.
1358 1050 1437 1082 Pla-

84 1100 177 1131 tonis
203 1100 424 1132 confirmant.
466 1100 573 1141 Apud
597 1101 725 1131 Euseb.
752 1104 832 1140 post
860 1099 1000 1140 τρυφῶν
1025 1099 1271 1139 interpositum
1296 1098 1439 1138 legitur,

176 1142 195 1177 ὁ
223 1146 428 1178 τοιοῦτος
459 1147 540 1177 πᾶς
574 1142 689 1187 ἡμῖν]
717 1145 776 1177 Sic
801 1155 892 1178 corr.
922 1148 967 1178 A.
996 1150 1030 1178 et
1053 1155 1163 1185 marg.
1195 1142 1231 1176 Ω.
1257 1155 1333 1176 cum
1359 1144 1383 1176 f.
1409 1153 1438 1174 r.

83 1201 116 1223 a.
143 1202 171 1224 c.
199 1201 233 1223 x.
259 1197 292 1224 et
326 1193 426 1225 libris
453 1192 610 1224 Eusebii.
666 1193 780 1234 Vulgo
817 1193 1037 1224 scribebatur
1074 1192 1176 1222 πᾶσιν
1215 1187 1307 1232 ἡμῖν,
1330 1190 1437 1244 οςιιοα

84 1238 187 1270 etiam
212 1239 335 1280 nuperi
374 1244 559 1272 servarunt
586 1239 752 1271 editores.

82 1349 149 1389 εἰς,
175 1350 218 1383 de
245 1360 314 1392 qua
339 1352 477 1383 ratione
502 1352 655 1383 diximus
682 1352 727 1383 ad

84 1396 224 1430 Politic.
252 1407 285 1438 p.
310 1397 389 1432 268.
417 1397 456 1429 l).
484 1397 564 1431 295.
592 1397 632 1429 Β.
661 1396 726 1429 So·

82 1443 187 1484 phist.
216 1442 343 1484 p.243.
371 1444 416 1475 D.
445 1443 577 1484 Cratyl.
594 1453 628 1485 p.
645 1443 725 1478 408.

82 1488 125 1520 D.
155 1487 265 1529 Gorg.
290 1500 324 1530 p.
350 1489 429 1523 449.
455 1490 497 1521 E.
525 1490 569 1521 al.

130 1536 300 1575 τρυφῶν
326 1536 391 1566 καὶ
418 1533 576 1577 ἀμελὴς
597 1553 626 1556 -
649 1536 726 1568 πᾶς

83 1576 229 1621 ripam]
259 1580 337 1618 Quo
355 1583 486 1613 diutius
503 1582 594 1612 hunc
610 1581 723 1613 locum

81 1627 401 1667 consideravimus,
437 1634 477 1659 eo
506 1629 633 1659 certius
660 1638 723 1659 no-

81 1673 135 1704 bis
168 1674 405 1714 persuasimus
444 1674 607 1706 laborare
646 1683 723 1706 eum

81 1719 283 1760 corruptela
307 1729 377 1751 non
401 1720 583 1751 mediocri.
621 1718 724 1757 Quod

82 1765 223 1806 quidem
241 1770 429 1797 senserunt
450 1767 554 1797 etiam
574 1769 595 1797 A
610 1767 723 1797 stius

81 1815 116 1841 et
139 1811 549 1851 Winckelrnannus,
576 1822 723 1853 quorum

80 1857 141 1888 ille
164 1858 387 1889 scribendum
406 1860 556 1890 ceusuit:
584 1854 724 1899 γίγνοιτ’

82 1899 126 1934 ἂν
157 1899 236 1943 ἡμῖν
271 1901 430 1945 μισητός,
466 1904 523 1936 hic
555 1909 670 1935 autem
707 1900 725 1935 ὁ

84 1949 245 1980 τοιοῦτος
271 1950 353 1980 πᾶσι
378 1947 562 1991 νεμεσητός
588 1951 723 1981 restitui

80 1995 197 2026 iussit.
262 1995 436 2027 Neutrum
471 2001 588 2027 tamen
624 1996 726 2027 nobis

81 2042 254 2083 probatur
287 2042 340 2073 vel
377 2047 523 2083 propter
551 2042 727 2073 coniectu·

82 2097 144 2118 rae
169 2097 190 2119 a
213 2087 408 2120 litterarum
435 2088 596 2119 ductibus
612 2089 727 2129 longi-

82 2143 124 2164 us
149 2134 345 2165 recedentis
361 2135 545 2166 audaciam
568 2135 621 2165 vel
642 2145 725 2175 pro-

83 2183 162 2221 pter
193 2181 512 2220 argumentationis
543 2181 726 2212 institutae

85 2226 355 2267 neglectionem.
409 2227 525 2258 Huius
552 2227 644 2258 enim
670 2237 724 2259 se-

83 2273 171 2303 riem
197 2276 231 2302 et
256 2273 558 2304 continuationem
591 2274 648 2304 ubi
675 2277 726 2304 at-

83 2317 321 2357 tenderimus,
354 2318 458 2350 facile
488 2319 725 2360 intelligemus

85 2364 151 2394 hac
183 2364 461 2404 interrogatione
496 2365 584 2395 nihil
631 2366 726 2397 aliud

84 2410 248 2450 spectari,
274 2410 339 2440 nisi
367 2410 444 2449 boe,
470 2416 509 2441 ut
521 2411 625 2442 etiam
642 2412 719 2442 mo!-

84 2456 206 2494 litiem‚
220 2456 471 2496 negligentiam
487 2462 522 2488 et
541 2458 727 2497 segnitiem

85 2502 120 2532 in
167 2497 254 2532 vitio
299 2502 492 2534 ducendam
530 2512 606 2534 esse
645 2514 726 2535 eon-

87 2547 241 2578 cedatur.
307 2548 424 2588 Atque
462 2548 530 2579 hoc
569 2554 727 2581 tenentes

86 2603 150 2625 nos
177 2593 318 2634 quidem
344 2598 436 2625 certe
459 2595 572 2626 labem
597 2596 632 2626 in
653 2606 726 2628 uno

87 2640 155 2671 isto
193 2639 273 2671 πᾶς
317 2639 371 2671 vel
410 2639 539 2671 πᾶσιν
583 2641 728 2673 haerere

86 2685 190 2726 plane
221 2685 325 2717 nobis
361 2687 618 2727 persuasimus,
662 2698 725 2729 pro

88 2741 154 2772 quo
189 2731 247 2764 ubi
286 2729 418 2764 κακός
458 2733 727 2773 restituerimus,

803 1239 1024 1271 Hermannus
1051 1247 1140 1269 corr.
1167 1237 1234 1268 πᾶς
1258 1235 1294 1268 ἐν
1319 1240 1407 1277 ημῖν.

793 1357 963 1393 protenus
998 1351 1112 1383 omnis
1139 1351 1182 1383 de
1207 1350 1324 1382 medio
1354 1348 1437 1379 sub-

794 1398 865 1430 lata
890 1399 957 1430 erit
988 1398 1198 1429 obscuritas.
1253 1396 1310 1427 Ita
1343 1395 1436 1427 enim

794 1444 862 1475 hoc
903 1444 989 1476 dicit
1029 1443 1210 1476 Socrates:
1251 1441 1435 1473 mollis

795 1495 835 1522 et
885 1491 1120 1531 negligens
1178 1489 1435 1529 segnisque,

794 1547 919 1577 quem
958 1536 1178 1568 Hesiodus
1217 1534 1436 1566 inertibus

793 1583 912 1615 fucis
946 1583 1219 1613 simillimum
1252 1590 1346 1612 esse
1378 1580 1436 1610 di-

794 1629 882 1668 xit,
908 1638 1052 1660 nonne
1077 1627 1335 1659 istiusmodi
1361 1625 1437 1656 ho-

794 1681 855 1706 mo
887 1677 1062 1707 nostro
1096 1671 1300 1704 iudicio
1333 1673 1437 1703 item

792 1731 955 1763 pravus
987 1720 1175 1758 existat,
1212 1718 1439 1760 quemadmo-

793 1767 875 1797 dum
904 1764 1011 1798 modo
1051 1766 1321 1806 negligentiam,
1360 1774 1438 1804 seg-

793 1813 913 1844 nitiem
939 1817 973 1843 et
997 1812 1179 1844 mollitiem
1199 1812 1350 1853 vidimus
1364 1820 1436 1842 non

792 1860 883 1890 inter
925 1860 1072 1889 virtutes
1114 1858 1176 1889 sed
1218 1859 1310 1888 inter
1351 1857 1438 1887 vitia

793 1896 969 1936 numera'ri
1017 1904 1204 1945 oportere?
1278 1901 1435 1943 Simplex

795 1951 953 1992 profecto
987 1956 1021 1981 et
1053 1951 1240 1991 perspicua
1271 1954 1324 1980 est
1348 1949 1436 1980 haee

794 1998 968 2029 sententia
992 1997 1182 2037 eademque
1212 1999 1436 2035 argumenta·

793 2043 903 2075 tionis
928 2043 1043 2074 tenori
1068 2043 1171 2084 plane
1196 2041 1438 2073 accommoda-

796 2094 842 2121 ta.
903 2088 945 2119 In
981 2099 1051 2129 qua
1087 2088 1182 2129 quod
1221 2084 1239 2118 ὁ
1278 2086 1439 2118 τοιοῦτος

795 2134 1042 2176 interpositum
1079 2139 1147 2173 est,
1186 2133 1335 2165 refertur
1371 2132 1438 2163 hoc

796 2192 865 2213 non
891 2181 1062 2212 aliorsum
1087 2181 1156 2212 nisi
1182 2181 1227 2211 ad
1252 2188 1437 2221 praegres-

793 2238 869 2259 sum
906 2227 1048 2267 τρυφῶν
1084 2227 1138 2257 καὶ
1175 2221 1299 2266 ἀμελὴς
1328 2221 1439 2265 ἀργός

795 2285 843 2310 τε,
884 2273 933 2304 ita
966 2278 1004 2303 ut
1036 2271 1184 2304 subiecti
1217 2273 1315 2303 notio
1350 2280 1435 2311 quo-

794 2319 982 2351 dammodo
1019 2319 1145 2350 fortius
1183 2322 1216 2348 et
1251 2317 1436 2349 nervosius

794 2366 1025 2406 significetur.
1089 2364 1178 2395 Vitii
1222 2373 1362 2395 causam
1403 2365 1438 2392 et

795 2412 1094 2452 opportunitatem
1128 2413 1245 2442 autem
1281 2409 1341 2440 ubi
1375 2418 1436 2439 an-

796 2458 982 2498 quiritans,
1008 2455 1211 2497 posita'illa
1237 2456 1375 2487 videtur
1399 2454 1436 2484 in

797 2501 874 2545 ἡμῖν
907 2507 1058 2534 nostro
1091 2502 1257 2541 iudico,
1295 2502 1337 2532 de
1368 2510 1436 2541 quo

796 2561 862 2581 usu
897 2549 1007 2580 dativi
1051 2559 1084 2579 v.
1120 2548 1339 2579 Matthiae
1375 2545 1438 2577 Gr.

796 2595 856 2628 Gr.
874 2597 905 2636 ἓ.
924 2594 1004 2629 388.
1031 2592 1141 2631 Quem
1160 2594 1316 2625 dativum
1332 2602 1438 2634 quum

796 2642 932 2674 scribae
957 2650 1028 2672 non
1053 2644 1146 2672 recte
1162 2641 1350 2681 cepissent,
1378 2649 1436 2669 κα-

796 2686 857 2720 κός
883 2686 1092 2728 compendio
1118 2687 1286 2728 scriptum
1309 2690 1437 2718 temere

795 2737 830 2766 in
868 2734 970 2765 πᾶσιν
1003 2737 1038 2765 et
1069 2732 1135 2764 πᾶς
1168 2735 1435 2765 commutarunt.

1465 667 1519 706 90
1531 671 1544 707 l
