1781 2971
216 548 252 588 B

299 161 388 202 270
801 159 1188 203 PLATONIS

300 291 405 325 στος
444 274 467 326 ἢ
495 293 565 318 και
607 277 740 326 κακὸς
775 275 832 326 ὡς
856 275 1014 328 ἥκιστα
1041 275 1063 320 ὁ
1102 278 1309 325 τοιοῦτος
1337 273 1439 328 ἡμῖν
1464 268 1488 334 ᾖ
1512 274 1656 327 ξύνοι-

300 360 376 392 κος
407 348 452 384 ἐν
490 344 540 401 τῇ
579 342 723 392 πόλει,
761 342 866 393 τοὺς
901 343 1220 401 νομοφύλακας
1254 341 1338 397 χρὴ
1381 344 1538 393 νοῆσαι
1573 342 1656 401 φύ-

299 412 438 459 λακας
474 409 586 451 εἶναι
620 407 679 462 μὴ
709 408 851 464 μόνον
884 415 1070 460 ἐκείνων,
1108 408 1184 460 οὓς
1221 409 1464 466 φυλάττειν
1500 407 1656 463 ῥᾴδιον

300 475 358 529 μὴ
401 475 693 531 παρανόμους
729 479 800 518 καὶ
839 475 1002 526 κακοὺς
1049 481 1307 530 γίγνεσθαι,
1352 473 1452 517 ὅσοι
1497 479 1656 528 γενέσει

299 546 370 585 καὶ
413 550 602 599 τροφαῖς
639 536 684 585 εὖ
721 545 1054 595 πεπαίδευνται,
1095 560 1197 593 τους
1233 545 1276 585 δὲ
1311 540 1371 596 μὴ
1412 540 1656 591 τοιούτους,

300 608 628 662 ἐπιτηδεύματά
679 626 723 652 τε
772 610 1139 662 ἐπιτηδεύοντας,
1193 609 1222 651 ἃ
1269 609 1530 663 προτροπὴν
1576 612 1659 662 ἔχει

301 693 398 719 τινα
439 675 624 731 ἰσχυραν
663 675 774 730 πρὸς
810 676 860 719 τὸ
903 684 1168 731 προτρεπειν
1201 674 1366 724 κακοὺς
1411 678 1658 728 γίῑνεσθαι,

299 746 551 800 φυλακτέον
587 745 773 798 μᾶλλον.
809 743 952 803 ταύτη
985 743 1036 795 δη
1074 742 1128 785 τα
1163 746 1260 796 περὶ
1298 741 1379 794 τὴν
1416 744 1659 793 καπηλείαν

300 809 468 862 πολλὴν
507 825 647 853 ουσαν
683 827 756 852 και
795 810 937 854 πο)λα
982 810 1307 865 ἐπιτηδεύματα
1359 810 1545 851 τοιαῦτα
1592 824 1658 850 κε-

302 882 529 933 κτημένην,
567 875 651 919 ὅσα
680 893 758 932 περ
787 875 845 920 ἂν
878 877 1027 920 αὐτῶν
1064 879 1232 937 λειφθῇ
1273 875 1463 927 δόξαντα
1486 880 1530 917 ἐκ
1549 876 1659 917 πολ-

301 945 378 995 λῆς
426 943 625 997 ἄνοι’)κης
675 948 719 986 ἐν
765 946 815 1004 τῆ
853 942 975 987 πόλει
1014 946 1102 986 δεῖν
1147 944 1280 993 εἶναι,
1330 945 1565 985 συνελθεῖν
1600 933 1658 983 αὖ

300 1009 440 1066 χρεών
489 1013 586 1065 περὶ
635 1013 776 1053 ταῦτα
825 1011 928 1060 τους
963 1011 1282 1067 νομοφύλακας
1316 1008 1426 1063 μετὰ
1466 1009 1553 1049 τῶν
1585 1013 1657 1061 ὲμ·

305 1081 466 1133 πείρων
502 1076 687 1129 ἑκάστης
721 1081 983 1130 καπηλείας,
1022 1078 1234 1132 καθάπερ
1270 1077 1529 1131 ἔμπροσθεν
1563 1078 1658 1116 ἑπε-

402 1232 440 1264 Ρ.
467 1232 547 1266 920.
601 1232 639 1263 B.

305 1289 335 1310 v.
362 1288 388 1309 r.
416 1288 448 1309 x.
474 1289 503 1310 a.
531 1288 560 1310 c.
589 1277 619 1309 ὃ.
647 1290 678 1308 o.
704 1283 884 1310 mutatum.

303 1323 394 1365 quod
429 1323 612 1356 ediderunt
644 1324 865 1357 Turinenses.

305 1380 478 1447 corro'oa
503 1426 577 1458 περ
602 1412 652 1445 ἂν
687 1412 843 1457 αὐτῶν]
872 1412 914 1446 ἄν
939 1424 1008 1447 om.
1037 1416 1076 1446 A.
1104 1417 1139 1446 et
1164 1423 1215 1454 pr.
1242 1412 1290 1443 Ω.
1318 1421 1348 1443 v.
1375 1410 1418 1444 ad
1446 1422 1477 1453 p.
1505 1410 1584 1446 915.
1618 1411 1656 1443 D.

690 1230 829 1274 ταύτῃ
862 1231 907 1272 δη
943 1231 992 1263 τὰ
1026 1229 1141 1273 περὶ]
1177 1230 1220 1261 V.
1256 1229 1306 1269 δέ,
1340 1227 1433 1270 quod
1466 1239 1509 1262 ex
1544 1229 1587 1260 A.
1621 1225 1659 1259 Ω.

934 1278 1056 1309 Paullo
1083 1281 1163 1309 ante
1187 1273 1208 1306 ἃ
1237 1273 1369 1315 τροπὴν
1393 1277 1461 1315 ἔχει
1487 1285 1595 1316 marg.
1619 1272 1657 1305 Ω.

915 1324 960 1356 Et
992 1325 1046 1355 sic
1078 1323 1183 1355 etiam
1215 1331 1286 1353 sec.
1321 1330 1410 1353 man.
1440 1320 1519 1353 Par.
1548 1322 1587 1352 A.
1616 1330 1657 1353 ex

303 1556 501 1593 utquam
537 1550 734 1593 optimus
767 1552 832 1584 vel
866 1551 946 1584 eti-

304 1609 368 1631 am
419 1607 538 1639 quam
590 1596 759 1629 minime
808 1598 947 1629 maius

304 1643 410 1677 talis
436 1643 560 1675 homo
588 1643 713 1674 uobis
740 1643 796 1674 sit
823 1644 860 1674 in
891 1643 946 1674 ci-

304 1691 446 1722 vitate
495 1688 759 1730 inquilinus,
806 1689 945 1730 legum

305 1735 522 1774 cust0d1es
576 1739 754 1776 oportet
802 1735 945 1766 memi-

305 1782 452 1820 nisse,
497 1791 544 1813 se
585 1790 664 1812 non
711 1780 836 1811 modo
880 1789 946 1812 eo-

306 1837 396 1861 rum
431 1837 530 1859 esse
564 1825 799 1865 custodes,
833 1835 948 1866 quos

305 1873 438 1906 facile
464 1873 520 1904 sit
553 1871 785 1913 prohibere
817 1882 866 1904 ne
894 1873 947 1904 ie-

306 1929 402 1962 gum
442 1919 694 1950 violatores
733 1927 781 1949 ac
821 1917 948 1959 pravi

308 1966 523 2003 existant,
566 1963 644 1996 hoc
684 1968 755 1995 est
786 1973 948 2002 eorum,

307 2011 376 2053 qui
417 2010 607 2043 honesto
655 2019 814 2051 genem²
856 2009 947 2041 orti

307 2057 392 2089 sint
417 2057 614 2097 beneque
641 2055 842 2093 educati,
872 2054 947 2086 sed

308 2102 442 2144 magis
470 2099 696 2135 curandos
723 2111 840 2140 esse,
873 2100 948 2142 qui

307 2159 391 2181 non
426 2149 510 2180 sint
544 2147 678 2186 tates,
716 2150 846 2187 atque
879 2157 945 2178 ne-

306 2194 426 2237 gotia
455 2195 711 2232 exerceant,
741 2202 855 2232 quae
883 2191 947 2223 ha-

307 2241 440 2273 beant
485 2248 678 2280 magnum
736 2237 947 2279 quoddam

307 2286 647 2319 incitamentum
676 2282 725 2316 ad
756 2283 947 2325 pravita-

308 2336 406 2365 tem.
449 2331 832 2363 Winekeimannns
869 2333 951 2370 post

307 2377 466 2420 φύλακις
520 2377 615 2409 iubet
668 2370 728 2407 οὖν
778 2375 948 2407 interseri.

307 2423 411 2458 Quod
438 2434 539 2455 nemo
577 2424 642 2454 iam
671 2421 841 2463 probabit.
892 2419 949 2452 Ni-

308 2470 429 2501 mirum
452 2473 532 2510 post
557 2468 614 2504 καὶ
639 2469 756 2511 τρίτος
782 2468 813 2498 in
832 2468 946 2499 iocum

307 2516 489 2547 commatis
529 2515 629 2546 coion
669 2512 946 2545 substituendum

307 2561 523 2603 putavimus,
562 2570 631 2601 quo
671 2558 783 2593 omnis
818 2559 949 2591 toilitur

307 2607 492 2639 verborum
514 2606 726 2638 obscuritas.
778 2604 870 2636 idem
898 2603 946 2635 fe-

308 2653 418 2685 cimus
453 2657 552 2684 auten
585 2656 664 2692 post
695 2649 856 2690 δεύτερος
881 2647 949 2691 μὴν

306 2698 425 2740 νόμος.
457 2698 648 2738 Utrumque
675 2696 857 2738 probatum
884 2695 947 2727 eti-

306 2754 359 2777 nm
409 2742 689 2776 Schneidero
733 2746 796 2775 est.
868 2740 950 2773 Dein

1020 1554 1099 1592 post
1122 1547 1167 1590 μὴ
1195 1546 1304 1589 μόνον
1329 1546 1420 1589 quod
1441 1546 1584 1579 infertur
1610 1546 1658 1586 δέ,

1017 1597 1083 1628 alia
1111 1595 1142 1626 id
1170 1604 1277 1636 genus
1304 1594 1464 1635 exempla
1499 1593 1659 1625 dedimus

1017 1643 1061 1674 V.
1086 1652 1118 1682 p
1138 1640 1214 1675 747.
1232 1641 1270 1671 Ι)
1299 1640 1453 1679 Denique
1480 1638 1524 1671 de
1549 1639 1658 1670 abun—

1018 1688 1134 1719 dantia
1166 1686 1347 1718 verborum
1383 1684 1659 1739 (περισσολογίᾳ)

1016 1730 1216 1775 προτροπὴν
1243 1732 1307 1771 ἕχει
1333 1728 1422 1774 πρός
1447 1729 1486 1761 τὸ
1517 1733 1658 1772 προτρέ-

1016 1791 1106 1817 πειν,
1132 1778 1224 1809 conf.
1254 1777 1342 1810 Vlli.
1370 1788 1400 1818 p.
1426 1775 1506 1810 839.
1538 1776 1583 1807 D·
1609 1775 1655 1818 μὴ

1016 1821 1167 1856 δινατον
1201 1823 1289 1854 εἶναι
1320 1821 1507 1855 δύνασθαι.
1536 1821 1595 1853 Vl.
1625 1833 1657 1864 p,

1017 1870 1096 1904 712.
1128 1869 1173 1900 C:
1215 1872 1317 1910 μέχρι
1355 1879 1417 1910 περ
1458 1863 1501 1897 ἂν
1535 1867 1659 1905 τέλος

1017 1916 1106 1956 ἔχειν
1145 1914 1288 1946 ἕκαστον
1327 1912 1411 1955 δόξη
1452 1915 1517 1944 τοῦ
1553 1913 1660 1951 καλῶς

1017 1959 1320 2002 ἐξειργάσθαι.
1380 1959 1508 1991 Fateor
1542 1964 1658 1991 tamen

1018 2008 1190 2040 duriorem
1227 2015 1306 2038 esse
1342 2004 1406 2037 hoc
1431 2006 1509 2036 loco
1537 2006 1657 2046 ioquu·

1017 2054 1168 2092 tionem,
1205 2056 1242 2083 ut
1274 2052 1523 2082 non-“muitum
1557 2060 1658 2091 repu-

1017 2109 1139 2141 gnem,
1188 2098 1215 2129 si
1260 2099 1335 2138 quis
1378 2096 1420 2128 de
1457 2097 1657 2128 coniectura

1017 2143 1258 2177 Hermanni
1292 2143 1474 2184 legendum
1513 2147 1609 2183 putet
1635 2139 1658 2173 α’

1015 2189 1142 2234 §unq-1,
1170 2198 1349 2230 quorsum.
1365 2187 1539 2229 perducit,
1565 2186 1656 2229 quod

1018 2238 1050 2268 in
1098 2235 1192 2268 iibris
1240 2233 1446 2275 quibusdam
1489 2233 1656 2275 scriptum

1019 2286 1115 2314 extat
1140 2279 1547 2322 196517111.Qunmquam
1579 2289 1658 2321 pro-

1018 2327 1168 2360 babilius
1211 2327 1313 2358 etiam
1353 2326 1538 2367 scripseris
1578 2334 1655 2357 cum

1020 2373 1223 2405 Baitero:
1251 2370 1274 2402 n‘z'
1299 2383 1380 2402 ποτε
1408 2370 1520 2414 ῥοπὴν
1546 2371 1627 2412 ἔχει.

1062 2440 1104 2473 Β.
1133 2438 1297 2480 πολλὴν
1324 2435 1455 2471 οὖσαν
1480 2439 1540 2481 -]
1571 2439 1657 2471 iate

1018 2491 1238 2529 patentem
1279 2490 1320 2517 et
1364 2486 1500 2517 multa
1543 2484 1655 2516 eius-

1018 2533 1131 2566 modi
1159 2532 1336 2573 negotia
1365 2532 1655 2572 compiecten-

1018 2585 1116 2611 tem.
1168 2577 1420 2619 Loquutionem
1452 2573 1541 2607 πολύ
1565 2575 1657 2606 ἐστιν

1018 2624 1196 2663 attigimus
1222 2623 1263 2655 ad
1295 2623 1430 2654 Politic.
1458 2633 1490 2664 p.
1517 2620 1596 2655 280.
1615 2620 1655 2652 C.

1020 2675 1051 2704 et
1078 2670 1157 2705 282.
1188 2673 1226 2701 Α.
1263 2667 1417 2711 Sophist.
1450 2678 1482 2710 p.
1507 2666 1585 2701 234.
1615 2665 1655 2698 Β.

1067 2738 1302 2770 συνελθεῖν
1333 2731 1387 2768 αὖ
1417 2747 1554 2779 χρεων
1590 2745 1656 2767 πε·
