1781 2971
260 148 284 187 8
701 143 1156 186 ARGUMENTUM

262 257 420 299 clarius
472 271 572 299 vero
627 262 859 310 appareat,
922 255 1129 310 quidnam
1192 255 1453 298 discriminis
1501 256 1615 296 inter

264 313 466 354 damnum
506 319 550 353 et
588 311 788 352 iniuriam
818 312 1083 365 intercedat,
1116 312 1222 354 haec
1254 311 1613 353 animadvertisse

262 369 439 411 iuvabit.
499 368 608 409 Tres
634 377 736 409 sunt
763 368 851 408 fere
881 384 960 422 pro
991 369 1128 410 tribus
1167 369 1296 410 animi
1334 367 1614 409 facultatibus

263 425 452 468 omnium
473 423 728 465 delictorum
747 438 952 465 caussae:
985 424 1304 478 iracundia,
1335 424 1614 478 voluptas,

262 483 356 536 ign
372 495 505 522 oran
518 481 616 530 tia3
648 494 757 534 quae
790 479 964 534 quidem
997 478 1219 535 postrema
1248 495 1397 523 rursus
1429 480 1616 534 duplicis

265 544 330 579 est
352 536 540 593 generis,
572 536 924 591 quandoquidem
948 538 1043 590 quis
1080 543 1156 577 aut
1186 552 1334 578 revera
1362 537 1467 591 quid
1492 537 1618 592 iguo-

265 599 344 646 rat,
378 600 452 635 aut
481 593 524 634 in
555 594 740 634 maxima
769 593 1017 648 ignorantia
1041 600 1183 633 tamen
1205 593 1288 634 sibi
1317 593 1489 634 videtur
1509 594 1618 634 bene

261 660 434 705 sapere,
467 650 529 690 ita
562 648 751 704 quidem,
784 655 834 690 ut
863 656 938 692 aut
972 650 1012 690 vi
1043 664 1092 690 ac
1124 650 1319 704 potentia
1347 649 1512 701 valeat,
1544 655 1621 689 aut

265 706 560 748 imbecillitate
597 705 815 747 invalidus
858 707 925 747 sit.
999 705 1069 746 Ex
1100 721 1185 760 quo
1217 705 1389 747 diversa
1421 705 1621 746 oriuntur

265 778 426 819 genera
465 762 747 815 delictorum,
790 763 936 816 prouti
975 763 1073 803 fons
1118 777 1266 803 eorum
1296 762 1442 803 varius
1474 776 1524 803 ac
1555 760 1620 801 di-

264 834 415 861 versus
447 825 538 869 est3
570 825 700 873 atque
730 818 882 860 iisdem
914 820 1042 860 etiam
1074 833 1238 874 poenae
1270 817 1620 860 accommodatae

266 876 354 918 sint
391 890 568 917 necesse
609 881 686 917 est.
766 875 880 917 Nam
922 890 1207 929 quaecunque
1248 890 1300 916 ex
1338 889 1456 916 mera
1494 874 1621 930 igno-

269 933 408 973 rantia
451 931 791 988 proficiscuntur
829 931 1010 984 delicta,
1054 947 1104 972 ea
1144 947 1276 985 quum
1316 946 1394 985 per
1434 945 1479 972 se
1509 930 1622 971 levia

269 990 380 1042 sint,
425 995 517 1030 tum
559 988 689 1029 etiam
732 988 969 1030 levioribus
1019 989 1172 1044 poenis
1213 994 1316 1029 sunt
1368 987 1620 1028 coercenda.

229 1067 232 1069 ·
269 1045 395 1097 Quae
425 1050 570 1086 autem
602 1045 871 1099 voluptatem
901 1045 970 1086 vel
994 1044 1262 1086 iracundiam
1289 1044 1506 1099 propriam
1539 1043 1621 1084 sibi

269 1115 468 1143 caussam
499 1100 683 1154 habent,
718 1116 790 1154 ea,
837 1101 872 1142 si
903 1102 1139 1143 accesserit
1177 1101 1415 1156 sapientiae
1456 1100 1621 1155 opiniO,

269 1172 355 1212 qua
394 1158 493 1212 quis
532 1171 626 1199 sese
669 1157 768 1211 plus
809 1172 938 1211 quam
982 1158 1126 1214 legum
1168 1157 1437 1198 conditorem
1469 1170 1623 1210 sapere

271 1214 510 1268 existimet,
553 1214 729 1270 gravius
773 1214 980 1269 castigari
1021 1229 1070 1256 ac
1101 1214 1244 1269 puniri
1277 1219 1462 1269 oportet,
1498 1226 1621 1268 prae-

270 1271 417 1312 sertim
457 1286 589 1325 quum
629 1271 735 1312 iram
786 1276 830 1312 et
869 1270 1155 1326 cupiditatem
1194 1277 1365 1311 constet
1415 1269 1533 1310 vinci
1573 1283 1624 1310 ac

271 1327 467 1382 superari
516 1342 644 1383 posse
719 1327 937 1368 inscitiam
976 1333 1128 1369 contra
1176 1333 1219 1367 et
1269 1339 1457 1367 errorem
1508 1325 1625 1366 vinci

273 1399 402 1440 aegre
441 1398 582 1439 posse.
657 1359 818 1438 ltaque
860 1384 1118 1425 miustitiam
1160 1389 1342 1438 apparet
1396 1381 1538 1422 inesse
1580 1381 1625 1422 in

272 1440 561 1495 cupiditatum
617 1447 746 1495 atque
807 1440 939 1481 animi
989 1439 1267 1480 affectionum
1312 1438 1625 1490 dominatione,

272 1498 364 1539 sive
405 1512 456 1537 ea
495 1505 663 1538 noceat
690 1498 781 1538 sive
812 1512 898 1537 non
932 1502 1110 1546 noceat3
1149 1495 1316 1536 iustitia
1357 1500 1500 1535 autem
1534 1509 1626 1535 cer-

273 1553 390 1594 nitur
421 1553 465 1594 in
496 1568 571 1605 eo,
615 1560 662 1594 ut
713 1552 926 1607 quidquid
967 1552 1136 1594 honesti
1175 1552 1288 1592 ratio
1329 1549 1513 1592 suadeat
1562 1551 1625 1591 fa-

275 1625 373 1651 ‹ecre
412 1610 553 1663 parati
594 1610 751 1659 simus3
789 1609 859 1650 cui
902 1608 1019 1662 qnod
1050 1614 1116 1650 est
1145 1607 1423 1659 conveniens,
1457 1607 1626 1648 etiams-i

274 1666 478 1707 damnum
516 1666 739 1721 importet,
791 1670 936 1706 tamen
983 1666 1144 1707 iustum
1188 1664 1396 1720 appellari
1438 1662 1625 1705 debebit.

275 1722 421 1776 Quum
462 1737 564 1763 vero
591 1729 677 1763 tam
716 1722 758 1763 vi
800 1728 949 1776 aperta
983 1737 1111 1776 quam
1161 1720 1313 1762 fraude
1354 1719 1628 1762 clandestina

274 1786 504 1836 peccetur,
547 1780 741 1820 existunt
784 1778 886 1819 inde
925 1779 1051 1834 plura
1090 1778 1220 1819 etiam
1261 1777 1516 1818 delictorum
1553 1792 1626 1833 ge-

276 1852 392 1887 nera,
426 1836 586 1889 quibus
619 1835 928 1877 convenienter
959 1850 1124 1890 poenae
1148 1833 1477 1877 constituendae
1501 1841 1628 1875 erunt

277 1894 338 1948 (p.
375 1893 471 1933 859.
506 1891 554 1934 C.
589 1917 639 1922 —
668 1893 763 1934 864.
796 1891 884 1945 C..)
918 1917 971 1923 —-
1527 1898 1539 1912 ·“

392 1949 475 1989 His
515 1949 725 2004 expositis
765 1947 1003 2003 disputatio
1041 1946 1216 1989 tandem
1248 1946 1479 1988 revertitur
1508 1946 1627 1998 illuc,

278 2005 391 2048 unde
424 2005 658 2047 deflexerat
676 2005 924 2060 paullisper.
987 2004 1199 2061 Sacrilegi
1232 2019 1350 2059 ergo,
1385 2003 1630 2058 proditores

277 2063 469 2117 patriae,
516 2061 673 2116 aliique
714 2061 759 2101 id
799 2076 936 2117 genus
968 2061 1187 2116 homines,
1241 2060 1277 2101 si
1329 2068 1471 2100 mente
1511 2059 1630 2114 capti

279 2119 460 2171 fuerint,
502 2124 578 2159 aut
610 2119 731 2160 senio
763 2117 978 2160 debilitati
1010 2116 1296 2171 deliquerint,
1329 2115 1532 2156 damnum
1562 2131 1629 2157 re·

279 2190 432 2231 parare
471 2173 628 2217 debere
668 2173 942 2226 iudicantur,
983 2173 1061 2216 sed
1088 2189 1114 2215 a
1144 2173 1300 2227 capitis
1332 2172 1548 2228 supplicio
1579 2173 1630 2213 li-

278 2233 371 2274 beri
413 2246 597 2274 manere.
666 2231 809 2272 Aliter
846 2236 992 2272 tamen
1031 2229 1084 2272 de
1131 2230 1184 2271 iis
1223 2229 1514 2279 existimatur,
1556 2229 1631 2284 qui

282 2303 431 2330 manus
472 2287 605 2330 caede
643 2287 892 2343 polluerint.
965 2286 1023 2328 Hi
1064 2287 1178 2328 enim
1221 2285 1350 2327 exilio
1392 2284 1631 2327 mulctandi

281 2351 490 2399 putantur
522 2346 584 2400 (p.
619 2346 712 2385 864.
745 2343 795 2385 C.
821 2370 875 2375 —
897 2345 991 2386 864.
1025 2343 1112 2395 E.)
1150 2368 1199 2373 —
1260 2341 1404 2383 Huius
1435 2357 1538 2384 vero
1568 2342 1631 2384 rei

282 2402 499 2443 mentione
539 2402 722 2452 iniecta,
764 2401 861 2442 istis
901 2400 1099 2441 omnibus
1143 2399 1287 2440 missis
1328 2399 1537 2440 continuo
1577 2397 1631 2439 ad

281 2458 398 2514 leges
443 2456 496 2499 de
537 2457 670 2500 caede
703 2457 934 2509 transitur,
975 2457 1016 2497 in
1058 2455 1216 2510 quibus
1255 2455 1525 2496 illustrandis
1567 2469 1631 2496 re-

282 2515 399 2568 liqua
443 2514 530 2556 fere.
574 2514 669 2556 libri
712 2528 812 2567 pars
853 2523 1066 2556 versatur.
1138 2512 1385 2567 Exponitur
1414 2512 1548 2568 igitur
1579 2510 1632 2552 de

283 2570 414 2613 caede
466 2571 508 2612 in
558 2571 713 2625 pugnis
766 2584 816 2611 ac
865 2568 1172 2611 certaminibus
1218 2568 1404 2623 publicis
1453 2567 1633 2609 fortuito

284 2629 420 2677 facta3
453 2627 505 2668 dc
552 2624 687 2669 morte
728 2626 1044 2681 aegrotantium
1085 2625 1175 2667 sine
1208 2625 1336 2680 culpa
1367 2623 1631 2665 medicorum

283 2685 528 2726 eveniente:
570 2684 621 2725 dc
663 2682 897 2724 homicidio
938 2698 1014 2736 per
1063 2681 1394 2736 imprudentiam
1447 2680 1633 2721 admisso
