1781 2971
242 188 321 230 DE
357 188 633 232 LEGIBUS
672 189 788 230 LIB.
823 189 930 231 XII.
969 191 1013 230 P.
1048 193 1142 231 9:37.
1181 191 1243 233 St.
1391 193 1471 233 :395

111 304 227 345 λεσιν
266 305 346 347 οὐκ
383 303 618 360 ἀσχήμονα
657 307 852 347 ἐπιεικῶν
897 305 1076 361 ἀνδρῶν
1119 305 1199 348 οὐκ
1235 307 1362 361 ὀλίγα
1402 324 1472 349 νο-

111 370 433 426 μοθετήματα,
479 371 595 414 ὅθεν
641 374 962 430 νομοᾳυλακας
1021 372 1105 428 χρὴ
1146 372 1198 415 τα
1246 378 1472 429 πρέποντα
1522 423 1523 427 ¹

112 437 162 496 τῇ
202 439 282 480 νῦν
318 443 562 498 γεννωμένῃ
601 441 800 493 πολιτείᾳ
840 439 1179 493 κατασκευάζειν
1217 443 1474 493 συλλογισα-

110 507 268 558 μένους
303 508 374 547 καὶ
414 509 859 559 ἐπανορθουμένους,
909 515 1005 556 ταῖς
1042 511 1282 560 ἐμπειρίαις
1319 509 1474 560 &af-Ja-

110 573 387 623 σανίζοντας,
423 576 499 622 ἕως
534 570 593 614 ἂν
616 574 776 621 ἱκανῶς
797 572 947 615 αὐτῶν
967 577 1128 615 ἕκαστα
1150 574 1253 633 δόξῃ
1281 577 1475 620 κεῖσθαι,

111 636 210 680 τότε
249 640 292 680 δὲ
330 641 450 688 τέλος
487 642 748 688 ἐπιθέντας,
796 639 984 692 ἀκίνητα
1030 639 1171 690 οὕτως
1216 647 1476 698 ὲπισᾳραγι-

111 710 336 758 σαμένους,
369 707 574 761 χρῆσθαι
611 705 690 749 τὸν
726 703 908 748 ἅπαντα
943 708 1057 760 βίον.
1095 705 1177 750 ὅσα
1217 709 1260 749 δὲ
1298 711 1395 761 περί
1431 723 1476 749 τε

111 769 239 824 σιγὴν
276 774 495 814 δικαστῶν
521 775 591 814 καὶ
630 772 850 829 εὐφημίας
873 775 945 814 καὶ
973 773 1252 822 τούναντίον,
1289 776 1360 815 καὶ
1388 771 1473 815 ὅσα

110 837 414 892 παραλλάττει
449 840 537 880 τῶν
576 833 792 900 [πολλῶν]
834 844 878 881 ἐν
915 848 1012 889 ταῖς
1039 839 1196 890 ἄλλαις
1223 841 1374 882 πόλεσι
1413 841 1473 881 δι-

109 908 246 947 καίων
283 907 355 948 καὶ
388 904 588 959 ἀγαθῶν
625 908 699 948 καὶ
735 908 904 956 καλῶν,
956 906 1010 948 τα
1050 910 1130 961 μὲν
1179 907 1371 961 εἴρηται,
1418 905 1472 948 τὰ

109 970 139 1012 δ’
185 975 245 1015 ἔτι
282 971 392 1026 πρὸς
424 974 485 1026 τῷ
525 975 629 1015 τέλει
666 970 933 1029 ῥηθήσεται.
981 973 1092 1029 πρὸς
1134 971 1162 1015 ἃ
1203 973 1350 1016 πάντα
1383 971 1464 1029 χρὴ

110 1036 188 1080 τὸν
225 1041 443 1092 μέλλοντα
481 1038 693 1091 δικαστὴν
731 1040 827 1082 ἴσον
865 1043 1051 1083 ἔσεσθαι
1087 1038 1200 1083 κατὰ
1225 1043 1349 1092 δίκην
1379 1043 1473 1095 βλέ-

108 1121 204 1148 πειν
255 1122 299 1149 τε
335 1109 407 1149 καὶ
451 1111 712 1160 κεκτημένον
749 1106 986 1163 γράμματα
1024 1107 1174 1150 αὐτῶν
1224 1112 1320 1163 περι
1364 1124 1472 1162 μαν-

203 1237 242 1269 Ρ.
270 1237 347 1271 957.
379 1239 416 1270 Β.
443 1237 490 1270 τό
507 1251 542 1270 ιε
569 1239 608 1270 δὲ
635 1239 761 1274 τέλος
792 1239 869 1278 ἔτι]
896 1237 981 1280 τόγε
1007 1249 1036 1269 v.
1063 1237 1100 1270 τό
1132 1240 1175 1271 Α.
1205 1245 1237 1272 et
1266 1249 1315 1280 pr.
1349 1238 1386 1272 Ω.

202 1284 272 1314 καὶ
302 1283 451 1327 καλῶν]
484 1295 551 1317 om.
589 1295 639 1327 pr.
669 1286 762 1318 ΑᾸΖ,
797 1289 833 1316 ut
860 1295 939 1317 mox
963 1283 1188 1328 κυριωτάτου.
1222 1285 1267 1318 Et
1292 1285 1417 1318 abiecit
1442 1285 1478 1317 il-

110 1328 169 1361 lud
197 1329 385 1361 Hermann.

110 1437 227 1480 ὀρθὸν
251 1439 355 1472 καλόν
382 1441 489 1485 (ἐστι)
526 1441 579 1474 δὶς
604 1441 657 1473 καὶ
684 1441 757 1483 τρὶς

110 1485 231 1528 λέγειν.

155 1533 196 1564 Ρ.
227 1533 306 1567 957.
350 1531 429 1564 τόν
464 1531 562 1564 νέον
596 1549 637 1556 -·
671 1529 752 1572 χρὴ·

107 1578 393 1620 νομοθέτην]
414 1578 510 1610 Talia
522 1579 661 1610 omnino
682 1578 754 1620 phi-

109 1624 274 1665 losophus
308 1626 378 1656 vult
414 1635 433 1656 a
466 1625 654 1656 iunioribus
696 1634 753 1655 ac-

109 1672 261 1702 curatius
285 1670 416 1702 definiri
443 1672 642 1710 certiusque
673 1680 754 1701 con-

110 1717 226 1754 stitui,
267 1717 428 1758 quoniam
460 1717 606 1758 primum
643 1716 751 1757 legis—

109 1763 254 1795 latorem
301 1762 414 1795 omnia
458 1761 645 1803 complecti
693 1771 755 1793 nec

108 1818 212 1850 posse
238 1819 300 1840 nec
325 1808 453 1840 debere
478 1808 662 1840 arbitratus
689 1812 753 1839 est.

108 1854 202 1934 ἓξὲξ.
218 1854 324 1932 DViil.
365 1865 397 1896 p.
436 1853 516 1888 846.
556 1854 594 1888 C.
628 1852 689 1887 IX.
724 1864 754 1895 p.

154 1943 202 1976 τοὶ
231 1947 302 1986 μὲν
325 1946 419 1976 ἴδια
436 1941 754 1997 δικαστήρια]

108 1991 269 2023 Forsitan
303 1991 378 2031 quis
404 1985 466 2021 οὖν
499 1994 578 2030 post
611 1987 672 2031 μὲν
697 1988 756 2019 ad
755 1993 767 2002 ’⁴

109 2038 218 2069 ditum
247 2037 339 2069 uelit.
367 2036 436 2068 Sed
465 2036 596 2066 cautius
625 2037 754 2065 statue-

109 2088 163 2114 tur
189 2082 349 2123 perlectis
372 2085 488 2114 annot.
516 2081 557 2112 ad
581 2079 754 2112 Phaedon.

111 2139 142 2170 p.
168 2129 224 2163 911
255 2129 292 2161 C.
320 2145 362 2151 —
388 2125 543 2169 μέτρον
568 2123 617 2157 α”ν
641 2126 755 2165 ἔχοι,

109 2176 130 2206 ἰ.
158 2185 190 2216 q.
217 2172 345 2217 μέτρια
361 2172 402 2204 ἂν
428 2175 487 2214 εἴη,
516 2173 624 2204 satis
649 2172 756 2204 bene

109 2231 154 2252 se
190 2219 442 2258 habuerint3
485 2219 592 2250 satis
632 2222 755 2249 recte

109 2266 277 2297 suerint
303 2269 579 2323 comparata.
616 2263 697 2295 Mox
721 2274 752 2304 p.

109 2312 188 2346 959-
215 2313 265 2343 A:
292 2313 343 2350 εἴη
369 2308 409 2341 ἂν
435 2309 573 2350 σχεδόν,
605 2307 647 2345 ὦς
674 2322 754 2340 ταν-

109 2355 284 2398 θρωηινα,
310 2354 438 2410 μέτρον
455 2357 592 2396 ἔχουσα,
618 2355 755 2397 τριταία

108 2401 197 2443 πρὸς
239 2400 279 2434 τό
324 2403 444 2443 μνῆμα
479 2399 620 2442 ἐκφορά.
672 2400 755 2433 ibid.

111 2449 155 2481 D:
193 2447 325 2489 μέτρον
355 2445 395 2478 <iu
427 2447 500 2485 ἔχοι
528 2447 592 2478 τῶν
625 2444 753 2477 ἁπαλω-

108 2494 239 2536 μάτων.
285 2494 378 2526 libr.
414 2492 475 2523 IV.
518 2503 549 2533 Ρ.
590 2491 668 2526 692.
709 2496 752 2524 A.

109 2539 126 2580 ἡ
142 2540 300 2579 βασιλεία
314 2558 357 2562 -
373 2551 411 2570 σι
407 2537 568 2579 ’μμικτος
587 2535 755 2580 γενομένη

108 2586 163 2617 καὶ
185 2585 313 2627 μέτρον
339 2584 474 2625 ἔχοισα.

154 2630 201 2662 τὰ
245 2630 290 2662 δὲ
333 2627 525 2671 δημόσια
561 2628 628 2659 καὶ
669 2640 754 2659 κοι-

109 2676 153 2707 νὰ
183 2677 248 2718 -]
278 2677 327 2708 De
353 2675 404 2707 his
435 2674 517 2715 ipsis
542 2673 607 2705 iam
637 2672 753 2715 dispu-

110 2726 217 2753 tatum
243 2727 296 2754 est
323 2721 416 2754 Libr.
446 2719 499 2751 Vl.
535 2730 565 2761 p.
594 2719 672 2753 768.
709 2721 751 2754 A.

111 2777 184 2808 sqq.
213 2767 318 2802 Quod
346 2775 426 2800 vero
451 2764 547 2798 iubet
572 2770 751 2807 praeterea

826 1445 1020 1474 exterorum
1050 1442 1149 1483 teges
1177 1442 1306 1477 consuli
1339 1446 1371 1474 et
1397 1441 1473 1474 iude

825 1487 1003 1519 transferri
1039 1488 1204 1529 quidquid
1241 1488 1283 1520 ad
1311 1489 1471 1530 propriae

823 1532 937 1574 legum
979 1534 1181 1575 scriptionis
1215 1535 1265 1566 vel
1306 1534 1473 1566 emenda-

825 1579 954 1610 tionem
974 1580 1025 1611 vel
1041 1581 1375 1612 consummationem
1393 1589 1472 1611 con-

826 1623 972 1656 ducibile
1009 1626 1190 1664 videatur,
1230 1636 1271 1657 eo
1303 1625 1471 1666 significa·

827 1671 855 1701 ri
891 1671 1129 1712 suspicamur,
1168 1671 1198 1702 in
1231 1671 1293 1702 bac
1332 1671 1470 1711 quidem

830 1720 929 1757 parte
964 1718 1030 1748 iam
1064 1728 1083 1748 a
1120 1717 1238 1748 multis
1275 1717 1370 1756 aliis,
1409 1718 1473 1748 im-

824 1762 1010 1803 primisque
1053 1762 1315 1795 Atheniensium
1359 1763 1473 1803 legum

824 1809 1042 1846 auctoribus,
1073 1809 1292 1841 laudabiliter
1306 1819 1385 1840 esse
1403 1809 1469 1840 ela-

825 1853 996 1886 boratum.

873 1896 952 1930 ov’u
999 1896 1221 1941 α’σχῆμονα
1273 1899 1474 1930 ἐπιεικῶν

825 1942 986 1986 ἀνδρῶν
1019 1945 1093 1976 οὐκ
1128 1942 1255 1986 ὀλίγα
1289 1944 1470 1984 νομοθ.]

825 1990 1076 2031 Corrigendum
1094 2001 1239 2022 censeo:
1255 2003 1272 2020 ο
1284 1988 1302 2020 ὐ
1314 1989 1343 2021 δ’
1360 1988 1472 2030 ὀλίγα.

874 2036 913 2067 Β.
965 2033 1148 2077 ἆκίνητα
1204 2033 1340 2070 οὕτως
1386 2035 1470 2066 ἐπι-

824 2082 1044 2124 σφραγίζ.]
1080 2082 1209 2115 etsic
1245 2081 1350 2113 haec
1382 2085 1472 2112 tan-

823 2138 944 2169 quam
969 2127 1055 2161 fixa
1083 2127 1388 2160 etimmobilia
1413 2128 1472 2158 in-

825 2174 996 2215 signire
1027 2175 1175 2215 iisque
1218 2183 1294 2215 per
1335 2177 1470 2204 totam

824 2220 955 2251 vitam
983 2220 1058 2252 uti.
1087 2219 1268 2260 Loquendi
1298 2228 1407 2259 genus
1434 2219 1471 2249 i!-

823 2266 1162 2306 lustravitWytten
1175 2263 1286 2296 bach.
1303 2264 1344 2295 ad
1363 2264 1471 2295 Phae—

824 2311 904 2342 don.
932 2322 963 2353 p.
992 2312 1058 2345 187
1078 2321 1128 2352 sq.
1148 2321 1188 2342 z
1205 2310 1281 2344 189.
1301 2310 1354 2342 ed.
1370 2311 1470 2350 Lips.

869 2357 936 2388 καὶ
961 2356 1042 2389 ὅσα
1077 2354 1378 2398 παραλλάττει
1405 2359 1470 2393 -l

826 2407 866 2433 et
898 2412 1009 2442 quae
1046 2402 1304 2444 discrepant
1334 2413 1352 2433 a
1386 2403 1472 2443 pie-

825 2449 991 2488 risque,
1018 2449 1194 2489 quaein
1221 2448 1386 2480 ceteris
1417 2449 1470 2478 ci-

825 2494 1049 2526 vitatibus
1091 2499 1293 2534 tanquam
1337 2494 1471 2532 iusta,

826 2539 934 2571 bona
989 2544 1027 2571 et
1068 2540 1275 2574 honesta.
1309 2540 1471 2572 consti-

827 2590 916 2617 tuta
945 2590 1060 2617 sunt.
1085 2585 1358 2619 Hermannus
1387 2586 1471 2616 ηολ-

824 2631 889 2662 λιῦν
915 2642 978 2672 pro
996 2636 1158 2672 suspecto
1184 2632 1336 2671 notavit3
1361 2641 1472 2672 neque

824 2677 962 2709 iniuria:
982 2677 1144 2710 nisiforte
1164 2674 1276 2710 ὅντων
1293 2682 1373 2720 post
1389 2673 1470 2719 α’γα-

825 2725 901 2754 θιῦν
929 2722 1069 2755 excidit.

867 2770 906 2801 C.
934 2767 1176 2812 γράμματα
1201 2768 1342 2801 αὐτῶν
1377 2771 1473 2813 πέρι
