<?xml version="1.0" encoding="UTF-8"?>
<!DOCTYPE html PUBLIC "-//W3C//DTD XHTML 1.0 Transitional//EN"
    "http://www.w3.org/TR/xhtml1/DTD/xhtml1-transitional.dtd">
<html xmlns="http://www.w3.org/1999/xhtml" xml:lang="en" lang="en">
 <head>
  <title>
</title>
<meta http-equiv="Content-Type" content="text/html;charset=utf-8" />
  <meta name='ocr-system' content='tesseract 3.04.00' />
  <meta name='ocr-capabilities' content='ocr_page ocr_carea ocr_par ocr_line ocrx_word'/>
</head>
<body>
  <div class='ocr_page' id='page_1' title='image "./n3operaomniarecens10platuoft/n3operaomniarecens10platuoft_0520.png"; bbox 0 0 1781 2971; ppageno 0'>
   <div class='ocr_carea' id='block_1_1' title="bbox 273 156 1320 208">
    <p class='ocr_par' dir='ltr' id='par_1_1' title="bbox 273 156 1320 208">
     <span class='ocr_line' id='line_1_1' title="bbox 273 156 1320 208; baseline -0.007 -1"><span class='ocrx_word' id='word_1_1' title='bbox 273 167 350 208; x_wconf 73' lang='lat' dir='ltr'>51ss</span> <span class='ocrx_word' id='word_1_2' title='bbox 581 161 889 205; x_wconf 78' lang='lat' dir='ltr'>INCERTI</span> <span class='ocrx_word' id='word_1_3' title='bbox 935 156 1320 201; x_wconf 80' lang='lat' dir='ltr'><strong>AUCTORIS</strong></span> 
     </span>
    </p>
   </div>
   <div class='ocr_carea' id='block_1_2' title="bbox 274 274 1628 606">
    <p class='ocr_par' dir='ltr' id='par_1_2' title="bbox 274 274 1628 606">
     <span class='ocr_line' id='line_1_2' title="bbox 275 274 1621 339; baseline -0.007 -14"><span class='ocrx_word' id='word_1_4' title='bbox 275 285 509 339; x_wconf 67' lang='grc' dir='ltr'><em>εἰρῆσθαι,</em></span> <span class='ocrx_word' id='word_1_5' title='bbox 557 286 682 322; x_wconf 71' lang='grc' dir='ltr'><em>πέντε</em></span> <span class='ocrx_word' id='word_1_6' title='bbox 719 278 754 321; x_wconf 81' lang='grc' dir='ltr'>δ’</span> <span class='ocrx_word' id='word_1_7' title='bbox 800 282 861 320; x_wconf 75' lang='grc' dir='ltr'>ἔτι</span> <span class='ocrx_word' id='word_1_8' title='bbox 908 276 1081 326; x_wconf 77' lang='grc' dir='ltr'><em>λοιπάς.</em></span> <span class='ocrx_word' id='word_1_9' title='bbox 1129 275 1153 327; x_wconf 66' lang='grc' dir='ltr'>’ὴ</span> <span class='ocrx_word' id='word_1_10' title='bbox 1191 275 1378 329; x_wconf 80' lang='grc' dir='ltr'><em>τετάρτη</em></span> <span class='ocrx_word' id='word_1_11' title='bbox 1416 277 1459 316; x_wconf 79' lang='grc' dir='ltr'>δὲ</span> <span class='ocrx_word' id='word_1_12' title='bbox 1503 274 1621 332; x_wconf 70' lang='grc' dir='ltr'><em>φορά</em></span> 
     </span>
     <span class='ocr_line' id='line_1_3' title="bbox 274 340 1625 401; baseline -0.007 -9"><span class='ocrx_word' id='word_1_13' title='bbox 274 354 347 392; x_wconf 76' lang='grc' dir='ltr'>καὶ</span> <span class='ocrx_word' id='word_1_14' title='bbox 384 348 570 400; x_wconf 72' lang='grc' dir='ltr'><em>διεξοδος</em></span> <span class='ocrx_word' id='word_1_15' title='bbox 605 346 699 401; x_wconf 76' lang='grc' dir='ltr'>ἅμα</span> <span class='ocrx_word' id='word_1_16' title='bbox 739 349 808 388; x_wconf 76' lang='grc' dir='ltr'>καὶ</span> <span class='ocrx_word' id='word_1_17' title='bbox 845 350 1017 399; x_wconf 80' lang='grc' dir='ltr'><em>πέμπτη</em></span> <span class='ocrx_word' id='word_1_18' title='bbox 1054 344 1176 399; x_wconf 82' lang='grc' dir='ltr'><em>τάχει</em></span> <span class='ocrx_word' id='word_1_19' title='bbox 1213 345 1292 398; x_wconf 83' lang='grc' dir='ltr'>μὲν</span> <span class='ocrx_word' id='word_1_20' title='bbox 1328 340 1434 394; x_wconf 79' lang='grc' dir='ltr'><em>ἡλίῳ</em></span> <span class='ocrx_word' id='word_1_21' title='bbox 1473 340 1625 396; x_wconf 81' lang='grc' dir='ltr'><em>σχεδὸν</em></span> 
     </span>
     <span class='ocr_line' id='line_1_4' title="bbox 278 407 1627 469; baseline -0.008 -9"><span class='ocrx_word' id='word_1_22' title='bbox 278 417 361 469; x_wconf 84' lang='grc' dir='ltr'><strong>ἰ’ση,</strong></span> <span class='ocrx_word' id='word_1_23' title='bbox 398 420 471 459; x_wconf 82' lang='grc' dir='ltr'>καὶ</span> <span class='ocrx_word' id='word_1_24' title='bbox 507 415 607 458; x_wconf 82' lang='grc' dir='ltr'><em>οὕτε</em></span> <span class='ocrx_word' id='word_1_25' title='bbox 642 415 890 469; x_wconf 78' lang='grc' dir='ltr'><em>βραδυτέρα</em></span> <span class='ocrx_word' id='word_1_26' title='bbox 930 411 1031 455; x_wconf 73' lang='grc' dir='ltr'><em>οὔτε</em></span> <span class='ocrx_word' id='word_1_27' title='bbox 1070 411 1270 453; x_wconf 68' lang='grc' dir='ltr'><em>θάττων.</em></span> <span class='ocrx_word' id='word_1_28' title='bbox 1310 408 1358 451; x_wconf 87' lang='grc' dir='ltr'>τό</span> <span class='ocrx_word' id='word_1_29' title='bbox 1389 407 1428 461; x_wconf 80' lang='grc' dir='ltr'>γ’</span> <span class='ocrx_word' id='word_1_30' title='bbox 1466 412 1627 450; x_wconf 76' lang='grc' dir='ltr'><em>ἐπίπαν</em></span> 
     </span>
     <span class='ocr_line' id='line_1_5' title="bbox 277 476 1627 536; baseline -0.01 -8"><span class='ocrx_word' id='word_1_31' title='bbox 277 483 345 528; x_wconf 76' lang='grc' dir='ltr'>αἐὶ</span> <span class='ocrx_word' id='word_1_32' title='bbox 394 481 560 526; x_wconf 84' lang='grc' dir='ltr'><em>τούτων</em></span> <span class='ocrx_word' id='word_1_33' title='bbox 605 482 736 536; x_wconf 78' lang='grc' dir='ltr'><em>τριῶν</em></span> <span class='ocrx_word' id='word_1_34' title='bbox 782 479 947 531; x_wconf 64' lang='grc' dir='ltr'><em>ὄντων,</em></span> <span class='ocrx_word' id='word_1_35' title='bbox 997 479 1074 520; x_wconf 81' lang='grc' dir='ltr'>τόν</span> <span class='ocrx_word' id='word_1_36' title='bbox 1121 480 1228 520; x_wconf 82' lang='grc' dir='ltr'>νοῦν</span> <span class='ocrx_word' id='word_1_37' title='bbox 1274 476 1429 519; x_wconf 83' lang='grc' dir='ltr'><em>ι’κανον</em></span> <span class='ocrx_word' id='word_1_38' title='bbox 1476 480 1627 530; x_wconf 79' lang='grc' dir='ltr'><em>ἔχοντα</em></span> 
     </span>
     <span class='ocr_line' id='line_1_6' title="bbox 278 542 1628 606; baseline -0.009 -11"><span class='ocrx_word' id='word_1_39' title='bbox 278 550 505 606; x_wconf 70' lang='grc' dir='ltr'><strong><em>ἡγεῖσθαι.</em></strong></span> <span class='ocrx_word' id='word_1_40' title='bbox 542 553 728 603; x_wconf 73' lang='grc' dir='ltr'>λέγωμεν</span> <span class='ocrx_word' id='word_1_41' title='bbox 770 547 822 598; x_wconf 79' lang='grc' dir='ltr'>δὴ</span> <span class='ocrx_word' id='word_1_42' title='bbox 859 546 1026 595; x_wconf 79' lang='grc' dir='ltr'><em>ταύτας</em></span> <span class='ocrx_word' id='word_1_43' title='bbox 1063 543 1187 596; x_wconf 80' lang='grc' dir='ltr'><em>ἡλίου</em></span> <span class='ocrx_word' id='word_1_44' title='bbox 1216 543 1252 585; x_wconf 79' lang='grc' dir='ltr'>τ’</span> <span class='ocrx_word' id='word_1_45' title='bbox 1297 542 1408 585; x_wconf 75' lang='grc' dir='ltr'><em>εἶναι</em></span> <span class='ocrx_word' id='word_1_46' title='bbox 1431 546 1502 584; x_wconf 75' lang='grc' dir='ltr'>καὶ</span> <span class='ocrx_word' id='word_1_47' title='bbox 1531 546 1628 591; x_wconf 73' lang='grc' dir='ltr'><em>ἕως·</em></span> 
     </span>
    </p>
   </div>
   <div class='ocr_carea' id='block_1_3' title="bbox 281 610 1629 677">
    <p class='ocr_par' dir='ltr' id='par_1_3' title="bbox 281 610 1629 677">
     <span class='ocr_line' id='line_1_7' title="bbox 281 610 1629 677; baseline -0.009 -15"><span class='ocrx_word' id='word_1_48' title='bbox 281 617 428 677; x_wconf 83' lang='grc' dir='ltr'><em>φόρου</em></span> <span class='ocrx_word' id='word_1_49' title='bbox 467 620 538 660; x_wconf 76' lang='grc' dir='ltr'>καὶ</span> <span class='ocrx_word' id='word_1_50' title='bbox 577 620 737 671; x_wconf 82' lang='grc' dir='ltr'><em>τρίτου,</em></span> <span class='ocrx_word' id='word_1_51' title='bbox 773 615 831 664; x_wconf 73' lang='grc' dir='ltr'>ὡς</span> <span class='ocrx_word' id='word_1_52' title='bbox 862 616 940 664; x_wconf 74' lang='grc' dir='ltr'>μὲν</span> <span class='ocrx_word' id='word_1_53' title='bbox 979 613 1165 666; x_wconf 84' lang='grc' dir='ltr'><em>ὀνόματι</em></span> <span class='ocrx_word' id='word_1_54' title='bbox 1203 610 1388 668; x_wconf 75' lang='grc' dir='ltr'><em>φράζειν</em></span> <span class='ocrx_word' id='word_1_55' title='bbox 1427 610 1506 651; x_wconf 79' lang='grc' dir='ltr'>οὐκ</span> <span class='ocrx_word' id='word_1_56' title='bbox 1543 612 1629 651; x_wconf 77' lang='grc' dir='ltr'><em>ἔστι</em></span> 
     </span>
    </p>
   </div>
   <div class='ocr_carea' id='block_1_4' title="bbox 285 738 1632 836">
    <p class='ocr_par' dir='ltr' id='par_1_4' title="bbox 285 738 1632 836">
     <span class='ocr_line' id='line_1_8' title="bbox 377 738 1632 786; baseline -0.008 -7"><span class='ocrx_word' id='word_1_57' title='bbox 377 748 417 779; x_wconf 89' lang='grc' dir='ltr'>Ε.</span> <span class='ocrx_word' id='word_1_58' title='bbox 468 745 564 779; x_wconf 79' lang='grc' dir='ltr'><em>οὔτε</em></span> <span class='ocrx_word' id='word_1_59' title='bbox 588 744 768 778; x_wconf 63' lang='grc' dir='ltr'><em>θάττων.</em></span> <span class='ocrx_word' id='word_1_60' title='bbox 798 743 840 776; x_wconf 89' lang='grc' dir='ltr'>τό</span> <span class='ocrx_word' id='word_1_61' title='bbox 868 741 899 786; x_wconf 74' lang='grc' dir='ltr'>γ’</span> <span class='ocrx_word' id='word_1_62' title='bbox 926 742 1096 785; x_wconf 71' lang='grc' dir='ltr'><em>ἑπιῑταν]</em></span> <span class='ocrx_word' id='word_1_63' title='bbox 1124 742 1360 774; x_wconf 79' lang='lat' dir='ltr'>Schneiderus</span> <span class='ocrx_word' id='word_1_64' title='bbox 1387 746 1466 781; x_wconf 85' lang='lat' dir='ltr'>post</span> <span class='ocrx_word' id='word_1_65' title='bbox 1491 738 1632 770; x_wconf 74' lang='grc' dir='ltr'><em>θάτιων</em></span> 
     </span>
     <span class='ocr_line' id='line_1_9' title="bbox 285 791 999 836; baseline -0.009 -10"><span class='ocrx_word' id='word_1_66' title='bbox 285 796 402 836; x_wconf 81' lang='lat' dir='ltr'>posuit</span> <span class='ocrx_word' id='word_1_67' title='bbox 431 795 532 835; x_wconf 85' lang='lat' dir='ltr'>signa</span> <span class='ocrx_word' id='word_1_68' title='bbox 564 795 720 825; x_wconf 86' lang='lat' dir='ltr'>lacunae.</span> <span class='ocrx_word' id='word_1_69' title='bbox 749 803 780 823; x_wconf 90' lang='lat' dir='ltr'>v.</span> <span class='ocrx_word' id='word_1_70' title='bbox 809 791 999 832; x_wconf 73' lang='lat' dir='ltr'><strong>Expli‹·.att</strong></span> 
     </span>
    </p>
   </div>
   <div class='ocr_carea' id='block_1_5' title="bbox 286 829 1630 937">
    <p class='ocr_par' dir='ltr' id='par_1_5' title="bbox 286 829 1630 937">
     <span class='ocr_line' id='line_1_10' title="bbox 377 829 1630 881; baseline -0.008 -10"><span class='ocrx_word' id='word_1_71' title='bbox 377 841 444 872; x_wconf 78' lang='grc' dir='ltr'>καὶ</span> <span class='ocrx_word' id='word_1_72' title='bbox 470 842 633 881; x_wconf 82' lang='grc' dir='ltr'><em>τρίτου</em></span> <span class='ocrx_word' id='word_1_73' title='bbox 660 836 713 870; x_wconf 68' lang='grc' dir='ltr'>ὡς</span> <span class='ocrx_word' id='word_1_74' title='bbox 737 837 808 877; x_wconf 79' lang='grc' dir='ltr'>μὲν</span> <span class='ocrx_word' id='word_1_75' title='bbox 836 837 896 878; x_wconf 45' lang='lat' dir='ltr'>m]</span> <span class='ocrx_word' id='word_1_76' title='bbox 923 836 982 867; x_wconf 87' lang='lat' dir='ltr'>Sic</span> <span class='ocrx_word' id='word_1_77' title='bbox 1008 835 1103 866; x_wconf 81' lang='lat' dir='ltr'>Flor</span> <span class='ocrx_word' id='word_1_78' title='bbox 1134 845 1164 865; x_wconf 86' lang='lat' dir='ltr'>a.</span> <span class='ocrx_word' id='word_1_79' title='bbox 1193 845 1219 865; x_wconf 90' lang='lat' dir='ltr'>c</span> <span class='ocrx_word' id='word_1_80' title='bbox 1247 832 1276 863; x_wconf 87' lang='grc' dir='ltr'>δ.</span> <span class='ocrx_word' id='word_1_81' title='bbox 1306 832 1383 863; x_wconf 86' lang='lat' dir='ltr'><strong>Vat.</strong></span> <span class='ocrx_word' id='word_1_82' title='bbox 1417 829 1454 862; x_wconf 95' lang='grc' dir='ltr'><strong>Ω</strong></span> <span class='ocrx_word' id='word_1_83' title='bbox 1482 841 1508 862; x_wconf 91' lang='lat' dir='ltr'><strong>r.</strong></span> <span class='ocrx_word' id='word_1_84' title='bbox 1538 832 1630 869; x_wconf 78' lang='lat' dir='ltr'><strong>Ang.</strong></span> 
     </span>
     <span class='ocr_line' id='line_1_11' title="bbox 286 891 1412 937; baseline -0.008 -8"><span class='ocrx_word' id='word_1_85' title='bbox 286 898 367 929; x_wconf 86' lang='lat' dir='ltr'><strong>Par.</strong></span> <span class='ocrx_word' id='word_1_86' title='bbox 398 898 441 927; x_wconf 90' lang='lat' dir='ltr'>A.</span> <span class='ocrx_word' id='word_1_87' title='bbox 465 907 529 937; x_wconf 90' lang='lat' dir='ltr'>pro</span> <span class='ocrx_word' id='word_1_88' title='bbox 558 899 649 937; x_wconf 84' lang='lat' dir='ltr'>vulg.</span> <span class='ocrx_word' id='word_1_89' title='bbox 679 899 813 937; x_wconf 40' lang='lat' dir='ltr'>rchzov</span> <span class='ocrx_word' id='word_1_90' title='bbox 840 893 1001 925; x_wconf 81' lang='lat' dir='ltr'>Ceterum</span> <span class='ocrx_word' id='word_1_91' title='bbox 1033 903 1064 923; x_wconf 89' lang='lat' dir='ltr'>v.</span> <span class='ocrx_word' id='word_1_92' title='bbox 1092 891 1285 922; x_wconf 77' lang='lat' dir='ltr'>Comment.</span> <span class='ocrx_word' id='word_1_93' title='bbox 1313 898 1412 929; x_wconf 83' lang='lat' dir='ltr'><strong>exeg.</strong></span> 
     </span>
    </p>
   </div>
   <div class='ocr_carea' id='block_1_6' title="bbox 382 943 1634 1030">
    <p class='ocr_par' dir='ltr' id='par_1_6' title="bbox 382 943 1634 1030">
     <span class='ocr_line' id='line_1_12' title="bbox 382 943 1511 995; baseline -0.009 -11"><span class='ocrx_word' id='word_1_94' title='bbox 382 951 539 995; x_wconf 76' lang='grc' dir='ltr'><em>τρόπος</em></span> <span class='ocrx_word' id='word_1_95' title='bbox 575 953 751 995; x_wconf 71' lang='grc' dir='ltr'><em>ἔθρεψε]</em></span> <span class='ocrx_word' id='word_1_96' title='bbox 786 952 827 984; x_wconf 92' lang='lat' dir='ltr'>V</span> <span class='ocrx_word' id='word_1_97' title='bbox 862 949 977 981; x_wconf 71' lang='grc' dir='ltr'><em>τόπος.</em></span> <span class='ocrx_word' id='word_1_98' title='bbox 1015 949 1118 980; x_wconf 75' lang='lat' dir='ltr'>Recte</span> <span class='ocrx_word' id='word_1_99' title='bbox 1158 945 1287 986; x_wconf 67' lang='grc' dir='ltr'><em>τρόπος</em></span> <span class='ocrx_word' id='word_1_100' title='bbox 1321 947 1365 977; x_wconf 81' lang='grc' dir='ltr'>Α.</span> <span class='ocrx_word' id='word_1_101' title='bbox 1398 943 1435 975; x_wconf 82' lang='grc' dir='ltr'>Ω.</span> <span class='ocrx_word' id='word_1_102' title='bbox 1474 956 1511 977; x_wconf 79' lang='lat'><strong>.·.-..</strong></span> 
     </span>
     <span class='ocr_line' id='line_1_13' title="bbox 732 989 1634 1030; baseline -0.012 0"><span class='ocrx_word' id='word_1_103' title='bbox 732 1011 761 1030; x_wconf 91' lang='lat'>0.</span> <span class='ocrx_word' id='word_1_104' title='bbox 788 1010 819 1028; x_wconf 86' lang='lat' dir='ltr'>v.</span> <span class='ocrx_word' id='word_1_105' title='bbox 856 996 1048 1028; x_wconf 78' lang='lat' dir='ltr'>Comment.</span> <span class='ocrx_word' id='word_1_106' title='bbox 1085 993 1323 1025; x_wconf 75' lang='lat' dir='ltr'>Nihilominus</span> <span class='ocrx_word' id='word_1_107' title='bbox 1361 1000 1481 1022; x_wconf 80' lang='lat' dir='ltr'>omnes</span> <span class='ocrx_word' id='word_1_108' title='bbox 1512 989 1634 1030; x_wconf 85' lang='lat' dir='ltr'>nuperi</span> 
     </span>
    </p>
   </div>
   <div class='ocr_carea' id='block_1_7' title="bbox 290 998 703 1033">
    <p class='ocr_par' dir='ltr' id='par_1_7' title="bbox 290 998 703 1033">
     <span class='ocr_line' id='line_1_14' title="bbox 290 998 703 1033; baseline 0 -3"><span class='ocrx_word' id='word_1_109' title='bbox 290 1000 394 1031; x_wconf 89' lang='lat' dir='ltr'>Voss.</span> <span class='ocrx_word' id='word_1_110' title='bbox 429 1000 525 1031; x_wconf 89' lang='lat' dir='ltr'>Flor</span> <span class='ocrx_word' id='word_1_111' title='bbox 561 1012 592 1033; x_wconf 83' lang='lat' dir='ltr'>a.</span> <span class='ocrx_word' id='word_1_112' title='bbox 620 1012 645 1033; x_wconf 86' lang='lat' dir='ltr'>c</span> <span class='ocrx_word' id='word_1_113' title='bbox 675 998 703 1031; x_wconf 86' lang='grc' dir='ltr'>δ.</span> 
     </span>
    </p>
   </div>
   <div class='ocr_carea' id='block_1_8' title="bbox 248 1108 939 1654">
    <p class='ocr_par' dir='ltr' id='par_1_8' title="bbox 248 1108 935 1567">
     <span class='ocr_line' id='line_1_15' title="bbox 340 1108 933 1152; baseline -0.008 -7"><span class='ocrx_word' id='word_1_114' title='bbox 340 1114 459 1145; x_wconf 77' lang='grc' dir='ltr'><em>πέντε</em></span> <span class='ocrx_word' id='word_1_115' title='bbox 495 1109 527 1144; x_wconf 89' lang='grc' dir='ltr'>δ’</span> <span class='ocrx_word' id='word_1_116' title='bbox 564 1113 625 1144; x_wconf 73' lang='grc' dir='ltr'>ἔτι</span> <span class='ocrx_word' id='word_1_117' title='bbox 667 1109 839 1152; x_wconf 54' lang='lat' dir='ltr'>lomois]</span> <span class='ocrx_word' id='word_1_118' title='bbox 878 1108 933 1141; x_wconf 88' lang='lat' dir='ltr'><strong>Sc.</strong></span> 
     </span>
     <span class='ocr_line' id='line_1_16' title="bbox 293 1153 933 1199; baseline -0.009 -8"><span class='ocrx_word' id='word_1_119' title='bbox 293 1158 464 1199; x_wconf 77' lang='grc' dir='ltr'>δυνάμεις.</span> <span class='ocrx_word' id='word_1_120' title='bbox 508 1160 760 1199; x_wconf 83' lang='lat' dir='ltr'>Intelliguntur</span> <span class='ocrx_word' id='word_1_121' title='bbox 789 1153 933 1196; x_wconf 77' lang='grc' dir='ltr'><em>φωςφό-</em></span> 
     </span>
     <span class='ocr_line' id='line_1_17' title="bbox 296 1202 932 1246; baseline -0.008 -10"><span class='ocrx_word' id='word_1_122' title='bbox 296 1215 358 1246; x_wconf 78' lang='grc' dir='ltr'>ρος</span> <span class='ocrx_word' id='word_1_123' title='bbox 385 1207 526 1245; x_wconf 80' lang='lat' dir='ltr'>(Venus</span> <span class='ocrx_word' id='word_1_124' title='bbox 558 1207 611 1237; x_wconf 86' lang='lat' dir='ltr'>vel</span> <span class='ocrx_word' id='word_1_125' title='bbox 637 1204 817 1243; x_wconf 78' lang='lat' dir='ltr'>Lucifer).</span> <span class='ocrx_word' id='word_1_126' title='bbox 848 1202 932 1232; x_wconf 70' lang='grc' dir='ltr'><em>στίλ-</em></span> 
     </span>
     <span class='ocr_line' id='line_1_18' title="bbox 295 1248 934 1293; baseline -0.009 -10"><span class='ocrx_word' id='word_1_127' title='bbox 295 1253 370 1293; x_wconf 84' lang='grc' dir='ltr'>βων</span> <span class='ocrx_word' id='word_1_128' title='bbox 380 1253 623 1293; x_wconf 80' lang='lat' dir='ltr'>(Mercurius),</span> <span class='ocrx_word' id='word_1_129' title='bbox 641 1248 782 1291; x_wconf 73' lang='grc' dir='ltr'><em>πυρόεις</em></span> <span class='ocrx_word' id='word_1_130' title='bbox 794 1248 934 1288; x_wconf 86' lang='lat' dir='ltr'>(Mars),</span> 
     </span>
     <span class='ocr_line' id='line_1_19' title="bbox 248 1297 935 1339; baseline -0.013 -7"><span class='ocrx_word' id='word_1_131' title='bbox 248 1332 250 1335; x_wconf 73' lang='grc'>,</span> <span class='ocrx_word' id='word_1_132' title='bbox 296 1299 444 1339; x_wconf 73' lang='grc' dir='ltr'><em>φαέθων</em></span> <span class='ocrx_word' id='word_1_133' title='bbox 492 1298 667 1339; x_wconf 87' lang='lat' dir='ltr'>(Iupiter)</span> <span class='ocrx_word' id='word_1_134' title='bbox 718 1301 751 1328; x_wconf 83' lang='lat' dir='ltr'>et</span> <span class='ocrx_word' id='word_1_135' title='bbox 800 1297 935 1335; x_wconf 75' lang='grc' dir='ltr'><em>φαίνων</em></span> 
     </span>
     <span class='ocr_line' id='line_1_20' title="bbox 296 1339 933 1385; baseline -0.011 -8"><span class='ocrx_word' id='word_1_136' title='bbox 296 1345 520 1385; x_wconf 80' lang='lat' dir='ltr'>(Saturnus).</span> <span class='ocrx_word' id='word_1_137' title='bbox 555 1356 587 1375; x_wconf 90' lang='lat' dir='ltr'>v.</span> <span class='ocrx_word' id='word_1_138' title='bbox 621 1344 711 1375; x_wconf 87' lang='lat' dir='ltr'>Tim.</span> <span class='ocrx_word' id='word_1_139' title='bbox 747 1352 778 1383; x_wconf 89' lang='lat' dir='ltr'>p.</span> <span class='ocrx_word' id='word_1_140' title='bbox 811 1341 865 1374; x_wconf 85' lang='grc'>38.</span> <span class='ocrx_word' id='word_1_141' title='bbox 893 1339 933 1370; x_wconf 88' lang='lat' dir='ltr'>C.</span> 
     </span>
     <span class='ocr_line' id='line_1_21' title="bbox 297 1385 931 1424; baseline -0.009 -1"><span class='ocrx_word' id='word_1_142' title='bbox 297 1392 342 1423; x_wconf 91' lang='lat' dir='ltr'>D.</span> <span class='ocrx_word' id='word_1_143' title='bbox 382 1391 519 1424; x_wconf 85' lang='lat' dir='ltr'>Cicer.</span> <span class='ocrx_word' id='word_1_144' title='bbox 553 1391 609 1422; x_wconf 85' lang='lat' dir='ltr'>De</span> <span class='ocrx_word' id='word_1_145' title='bbox 644 1389 687 1421; x_wconf 89' lang='lat' dir='ltr'>N.</span> <span class='ocrx_word' id='word_1_146' title='bbox 721 1389 763 1421; x_wconf 74' lang='grc' dir='ltr'>Ι).</span> <span class='ocrx_word' id='word_1_147' title='bbox 793 1387 841 1418; x_wconf 86' lang='grc' dir='ltr'>ΙΙ.</span> <span class='ocrx_word' id='word_1_148' title='bbox 875 1385 931 1418; x_wconf 85' lang='grc'>20.</span> 
     </span>
     <span class='ocr_line' id='line_1_22' title="bbox 298 1431 935 1478; baseline -0.011 -9"><span class='ocrx_word' id='word_1_149' title='bbox 298 1438 515 1478; x_wconf 82' lang='lat' dir='ltr'>Apuleius</span> <span class='ocrx_word' id='word_1_150' title='bbox 550 1437 604 1468; x_wconf 85' lang='lat' dir='ltr'>De</span> <span class='ocrx_word' id='word_1_151' title='bbox 639 1434 769 1467; x_wconf 86' lang='lat' dir='ltr'>mundo</span> <span class='ocrx_word' id='word_1_152' title='bbox 795 1444 828 1474; x_wconf 89' lang='lat' dir='ltr'>p.</span> <span class='ocrx_word' id='word_1_153' title='bbox 855 1431 935 1465; x_wconf 81' lang='grc'>293.</span> 
     </span>
     <span class='ocr_line' id='line_1_23' title="bbox 299 1478 933 1517; baseline -0.011 -2"><span class='ocrx_word' id='word_1_154' title='bbox 299 1484 353 1517; x_wconf 79' lang='lat' dir='ltr'>cd.</span> <span class='ocrx_word' id='word_1_155' title='bbox 371 1483 530 1515; x_wconf 77' lang='lat' dir='ltr'>Oudend.</span> <span class='ocrx_word' id='word_1_156' title='bbox 550 1482 640 1514; x_wconf 84' lang='lat' dir='ltr'>conf.</span> <span class='ocrx_word' id='word_1_157' title='bbox 665 1478 933 1513; x_wconf 82' lang='lat' dir='ltr'>Schaubach.</span> 
     </span>
     <span class='ocr_line' id='line_1_24' title="bbox 301 1523 935 1567; baseline -0.006 -5"><span class='ocrx_word' id='word_1_158' title='bbox 301 1532 344 1562; x_wconf 86' lang='lat' dir='ltr'>ad</span> <span class='ocrx_word' id='word_1_159' title='bbox 379 1529 604 1562; x_wconf 82' lang='lat' dir='ltr'>Eratosthen.</span> <span class='ocrx_word' id='word_1_160' title='bbox 640 1527 771 1559; x_wconf 80' lang='lat' dir='ltr'><strong>Catast.</strong></span> <span class='ocrx_word' id='word_1_161' title='bbox 798 1536 831 1567; x_wconf 87' lang='lat' dir='ltr'>p.</span> <span class='ocrx_word' id='word_1_162' title='bbox 858 1523 935 1558; x_wconf 83' lang='grc'>124-</span> 
     </span>
    </p>

    <p class='ocr_par' dir='ltr' id='par_1_9' title="bbox 301 1570 939 1654">
     <span class='ocr_line' id='line_1_25' title="bbox 348 1570 936 1617; baseline -0.01 -10"><span class='ocrx_word' id='word_1_163' title='bbox 348 1572 367 1617; x_wconf 82' lang='grc' dir='ltr'><strong><em>ἡ</em></strong></span> <span class='ocrx_word' id='word_1_164' title='bbox 394 1574 565 1617; x_wconf 78' lang='grc' dir='ltr'><em>τετάρτη</em></span> <span class='ocrx_word' id='word_1_165' title='bbox 593 1573 634 1605; x_wconf 85' lang='grc' dir='ltr'>δὲ</span> <span class='ocrx_word' id='word_1_166' title='bbox 660 1570 772 1613; x_wconf 85' lang='grc' dir='ltr'><em>φορὰ</em></span> <span class='ocrx_word' id='word_1_167' title='bbox 794 1588 829 1594; x_wconf 85' lang='grc'>-</span> <span class='ocrx_word' id='word_1_168' title='bbox 855 1570 936 1611; x_wconf 72' lang='grc' dir='ltr'>ἴση]</span> 
     </span>
     <span class='ocr_line' id='line_1_26' title="bbox 301 1618 939 1654; baseline -0.011 0"><span class='ocrx_word' id='word_1_169' title='bbox 301 1627 415 1654; x_wconf 87' lang='lat' dir='ltr'>motus</span> <span class='ocrx_word' id='word_1_170' title='bbox 453 1627 487 1652; x_wconf 82' lang='lat' dir='ltr'>et</span> <span class='ocrx_word' id='word_1_171' title='bbox 519 1622 686 1653; x_wconf 81' lang='lat' dir='ltr'>circuitus</span> <span class='ocrx_word' id='word_1_172' title='bbox 717 1618 866 1650; x_wconf 87' lang='lat' dir='ltr'>Veneris</span> <span class='ocrx_word' id='word_1_173' title='bbox 899 1627 939 1648; x_wconf 79' lang='lat' dir='ltr'>ac</span> 
     </span>
    </p>
   </div>
   <div class='ocr_carea' id='block_1_9' title="bbox 301 1663 941 1708">
    <p class='ocr_par' dir='ltr' id='par_1_10' title="bbox 301 1663 941 1708">
     <span class='ocr_line' id='line_1_27' title="bbox 301 1663 941 1708; baseline -0.011 -8"><span class='ocrx_word' id='word_1_174' title='bbox 301 1669 481 1708; x_wconf 84' lang='lat' dir='ltr'>Mercurii,</span> <span class='ocrx_word' id='word_1_175' title='bbox 500 1668 542 1699; x_wconf 84' lang='lat' dir='ltr'>de</span> <span class='ocrx_word' id='word_1_176' title='bbox 560 1668 685 1708; x_wconf 87' lang='lat' dir='ltr'>quibus</span> <span class='ocrx_word' id='word_1_177' title='bbox 711 1665 831 1697; x_wconf 76' lang='lat' dir='ltr'>eadem</span> <span class='ocrx_word' id='word_1_178' title='bbox 848 1663 941 1695; x_wconf 85' lang='lat' dir='ltr'>Pla-</span> 
     </span>
    </p>
   </div>
   <div class='ocr_carea' id='block_1_10' title="bbox 301 1710 952 2813">
    <p class='ocr_par' dir='ltr' id='par_1_11' title="bbox 301 1710 952 2813">
     <span class='ocr_line' id='line_1_28' title="bbox 301 1710 940 1754; baseline -0.011 -9"><span class='ocrx_word' id='word_1_179' title='bbox 301 1720 345 1745; x_wconf 77' lang='lat' dir='ltr'>to</span> <span class='ocrx_word' id='word_1_180' title='bbox 373 1714 463 1745; x_wconf 90' lang='lat' dir='ltr'>Tim.</span> <span class='ocrx_word' id='word_1_181' title='bbox 489 1724 521 1754; x_wconf 91' lang='lat' dir='ltr'>p.</span> <span class='ocrx_word' id='word_1_182' title='bbox 546 1712 600 1746; x_wconf 84' lang='lat'><strong>38.</strong></span> <span class='ocrx_word' id='word_1_183' title='bbox 628 1712 672 1745; x_wconf 93' lang='lat' dir='ltr'>D</span> <span class='ocrx_word' id='word_1_184' title='bbox 702 1710 770 1748; x_wconf 83' lang='lat' dir='ltr'>Qui</span> <span class='ocrx_word' id='word_1_185' title='bbox 802 1710 940 1750; x_wconf 83' lang='lat' dir='ltr'>quidem</span> 
     </span>
     <span class='ocr_line' id='line_1_29' title="bbox 301 1754 938 1802; baseline -0.013 -10"><span class='ocrx_word' id='word_1_186' title='bbox 301 1761 462 1802; x_wconf 79' lang='lat' dir='ltr'>planetae</span> <span class='ocrx_word' id='word_1_187' title='bbox 502 1759 596 1800; x_wconf 87' lang='lat' dir='ltr'>quod</span> <span class='ocrx_word' id='word_1_188' title='bbox 642 1754 821 1797; x_wconf 81' lang='grc' dir='ltr'><em>ι’σοδρόμοι</em></span> <span class='ocrx_word' id='word_1_189' title='bbox 867 1755 938 1785; x_wconf 72' lang='lat' dir='ltr'>fene</span> 
     </span>
     <span class='ocr_line' id='line_1_30' title="bbox 301 1801 941 1843; baseline -0.011 -5"><span class='ocrx_word' id='word_1_190' title='bbox 301 1807 447 1838; x_wconf 80' lang='lat' dir='ltr'>iudicati</span> <span class='ocrx_word' id='word_1_191' title='bbox 476 1810 558 1836; x_wconf 78' lang='lat' dir='ltr'>sunt</span> <span class='ocrx_word' id='word_1_192' title='bbox 582 1804 661 1843; x_wconf 84' lang='lat' dir='ltr'>soli,</span> <span class='ocrx_word' id='word_1_193' title='bbox 687 1812 758 1834; x_wconf 90' lang='lat' dir='ltr'>non</span> <span class='ocrx_word' id='word_1_194' title='bbox 783 1802 853 1833; x_wconf 80' lang='lat' dir='ltr'>alia</span> <span class='ocrx_word' id='word_1_195' title='bbox 878 1801 941 1832; x_wconf 87' lang='lat' dir='ltr'>hu-</span> 
     </span>
     <span class='ocr_line' id='line_1_31' title="bbox 302 1851 940 1899; baseline -0.011 -15"><span class='ocrx_word' id='word_1_196' title='bbox 302 1854 358 1884; x_wconf 86' lang='lat' dir='ltr'>ius</span> <span class='ocrx_word' id='word_1_197' title='bbox 384 1851 563 1893; x_wconf 87' lang='lat' dir='ltr'>opinionis</span> <span class='ocrx_word' id='word_1_198' title='bbox 591 1859 717 1881; x_wconf 82' lang='lat' dir='ltr'>caussa</span> <span class='ocrx_word' id='word_1_199' title='bbox 743 1853 809 1884; x_wconf 78' lang='lat' dir='ltr'>est</span> <span class='ocrx_word' id='word_1_200' title='bbox 838 1857 940 1899; x_wconf 75' lang='lat' dir='ltr'>quarn</span> 
     </span>
     <span class='ocr_line' id='line_1_32' title="bbox 305 1893 940 1940; baseline -0.011 -10"><span class='ocrx_word' id='word_1_201' title='bbox 305 1899 399 1940; x_wconf 89' lang='lat' dir='ltr'>quod</span> <span class='ocrx_word' id='word_1_202' title='bbox 415 1897 611 1929; x_wconf 79' lang='lat' dir='ltr'>Mercurius</span> <span class='ocrx_word' id='word_1_203' title='bbox 625 1907 695 1927; x_wconf 85' lang='lat' dir='ltr'>non</span> <span class='ocrx_word' id='word_1_204' title='bbox 709 1895 849 1934; x_wconf 83' lang='lat' dir='ltr'>longius</span> <span class='ocrx_word' id='word_1_205' title='bbox 865 1893 940 1924; x_wconf 86' lang='lat' dir='ltr'>uni-</span> 
     </span>
     <span class='ocr_line' id='line_1_33' title="bbox 304 1940 940 1984; baseline -0.011 -8"><span class='ocrx_word' id='word_1_206' title='bbox 304 1955 362 1984; x_wconf 86' lang='lat' dir='ltr'>us,</span> <span class='ocrx_word' id='word_1_207' title='bbox 395 1944 514 1975; x_wconf 87' lang='lat' dir='ltr'>Venus</span> <span class='ocrx_word' id='word_1_208' title='bbox 547 1948 662 1974; x_wconf 84' lang='lat' dir='ltr'>autem</span> <span class='ocrx_word' id='word_1_209' title='bbox 698 1951 767 1972; x_wconf 89' lang='lat' dir='ltr'>non</span> <span class='ocrx_word' id='word_1_210' title='bbox 798 1940 940 1980; x_wconf 84' lang='lat' dir='ltr'>longius</span> 
     </span>
     <span class='ocr_line' id='line_1_34' title="bbox 305 1986 942 2030; baseline -0.009 -9"><span class='ocrx_word' id='word_1_211' title='bbox 305 1992 452 2022; x_wconf 82' lang='lat' dir='ltr'>duorum</span> <span class='ocrx_word' id='word_1_212' title='bbox 486 1990 668 2030; x_wconf 82' lang='lat' dir='ltr'>signorum</span> <span class='ocrx_word' id='word_1_213' title='bbox 701 1986 885 2018; x_wconf 85' lang='lat' dir='ltr'>intervallo</span> <span class='ocrx_word' id='word_1_214' title='bbox 921 1995 942 2016; x_wconf 83' lang='lat' dir='ltr'>a</span> 
     </span>
     <span class='ocr_line' id='line_1_35' title="bbox 305 2031 942 2069; baseline -0.011 0"><span class='ocrx_word' id='word_1_215' title='bbox 305 2037 379 2069; x_wconf 78' lang='lat' dir='ltr'>sole</span> <span class='ocrx_word' id='word_1_216' title='bbox 402 2036 583 2068; x_wconf 82' lang='lat' dir='ltr'>discedere</span> <span class='ocrx_word' id='word_1_217' title='bbox 609 2036 706 2066; x_wconf 91' lang='lat' dir='ltr'>visus</span> <span class='ocrx_word' id='word_1_218' title='bbox 731 2037 795 2065; x_wconf 84' lang='lat' dir='ltr'><strong>est.</strong></span> <span class='ocrx_word' id='word_1_219' title='bbox 823 2043 854 2062; x_wconf 88' lang='lat' dir='ltr'>v.</span> <span class='ocrx_word' id='word_1_220' title='bbox 879 2031 942 2063; x_wconf 89' lang='lat' dir='ltr'>Ci-</span> 
     </span>
     <span class='ocr_line' id='line_1_36' title="bbox 306 2076 939 2114; baseline -0.011 0"><span class='ocrx_word' id='word_1_221' title='bbox 306 2093 404 2114; x_wconf 86' lang='lat' dir='ltr'>cero</span> <span class='ocrx_word' id='word_1_222' title='bbox 433 2083 487 2114; x_wconf 78' lang='lat' dir='ltr'>Dc</span> <span class='ocrx_word' id='word_1_223' title='bbox 512 2081 556 2112; x_wconf 28' lang='lat' dir='ltr'>Nr.</span> <span class='ocrx_word' id='word_1_224' title='bbox 584 2080 628 2111; x_wconf 93' lang='lat' dir='ltr'>D.</span> <span class='ocrx_word' id='word_1_225' title='bbox 657 2080 703 2111; x_wconf 91' lang='lat'><strong>11.</strong></span> <span class='ocrx_word' id='word_1_226' title='bbox 730 2079 787 2112; x_wconf 71' lang='lat'><strong>20.</strong></span> <span class='ocrx_word' id='word_1_227' title='bbox 821 2076 939 2109; x_wconf 88' lang='lat' dir='ltr'>Somn.</span> 
     </span>
     <span class='ocr_line' id='line_1_37' title="bbox 308 2124 942 2169; baseline -0.011 -9"><span class='ocrx_word' id='word_1_228' title='bbox 308 2129 466 2169; x_wconf 84' lang='lat' dir='ltr'>Scipion.</span> <span class='ocrx_word' id='word_1_229' title='bbox 507 2137 534 2158; x_wconf 92' lang='lat' dir='ltr'><strong>c.</strong></span> <span class='ocrx_word' id='word_1_230' title='bbox 570 2126 602 2159; x_wconf 90' lang='lat'>3.</span> <span class='ocrx_word' id='word_1_231' title='bbox 646 2124 856 2157; x_wconf 85' lang='lat' dir='ltr'>Macrob</span> <span class='ocrx_word' id='word_1_232' title='bbox 908 2124 942 2153; x_wconf 91' lang='lat' dir='ltr'>in</span> 
     </span>
     <span class='ocr_line' id='line_1_38' title="bbox 309 2170 943 2214; baseline -0.014 -7"><span class='ocrx_word' id='word_1_233' title='bbox 309 2174 428 2207; x_wconf 90' lang='lat' dir='ltr'>Somn.</span> <span class='ocrx_word' id='word_1_234' title='bbox 458 2173 551 2214; x_wconf 88' lang='lat' dir='ltr'>Scip.</span> <span class='ocrx_word' id='word_1_235' title='bbox 580 2173 605 2205; x_wconf 95' lang='grc' dir='ltr'>Ι.</span> <span class='ocrx_word' id='word_1_236' title='bbox 623 2171 678 2205; x_wconf 81' lang='grc'>27.</span> <span class='ocrx_word' id='word_1_237' title='bbox 700 2176 734 2202; x_wconf 80' lang='lat' dir='ltr'>et</span> <span class='ocrx_word' id='word_1_238' title='bbox 754 2170 807 2203; x_wconf 83' lang='lat'><strong>19.</strong></span> <span class='ocrx_word' id='word_1_239' title='bbox 823 2179 842 2200; x_wconf 82' lang='lat' dir='ltr'>a</span> <span class='ocrx_word' id='word_1_240' title='bbox 869 2170 943 2210; x_wconf 86' lang='lat' dir='ltr'>qui-</span> 
     </span>
     <span class='ocr_line' id='line_1_39' title="bbox 308 2215 942 2254; baseline -0.013 -2"><span class='ocrx_word' id='word_1_241' title='bbox 308 2222 373 2254; x_wconf 92' lang='lat' dir='ltr'>bus</span> <span class='ocrx_word' id='word_1_242' title='bbox 417 2224 531 2252; x_wconf 77' lang='lat' dir='ltr'>tamen</span> <span class='ocrx_word' id='word_1_243' title='bbox 565 2218 729 2250; x_wconf 85' lang='lat' dir='ltr'>dissentit</span> <span class='ocrx_word' id='word_1_244' title='bbox 760 2216 870 2247; x_wconf 84' lang='lat' dir='ltr'>Plin.</span> <span class='ocrx_word' id='word_1_245' title='bbox 899 2215 942 2245; x_wconf 91' lang='lat' dir='ltr'>H.</span> 
     </span>
     <span class='ocr_line' id='line_1_40' title="bbox 310 2259 929 2301; baseline -0.013 -2"><span class='ocrx_word' id='word_1_246' title='bbox 310 2266 353 2300; x_wconf 88' lang='lat' dir='ltr'>N.</span> <span class='ocrx_word' id='word_1_247' title='bbox 391 2266 429 2299; x_wconf 89' lang='grc' dir='ltr'>ΙΙ.</span> <span class='ocrx_word' id='word_1_248' title='bbox 463 2265 495 2300; x_wconf 95' lang='grc'>8.</span> <span class='ocrx_word' id='word_1_249' title='bbox 532 2284 564 2288; x_wconf 79' lang='lat'>-·</span> <span class='ocrx_word' id='word_1_250' title='bbox 608 2264 791 2295; x_wconf 82' lang='lat' dir='ltr'>Proxima.</span> <span class='ocrx_word' id='word_1_251' title='bbox 830 2259 873 2291; x_wconf 85' lang='grc' dir='ltr'>τό</span> <span class='ocrx_word' id='word_1_252' title='bbox 912 2272 929 2301; x_wconf 85' lang='grc' dir='ltr'>γ</span> 
     </span>
     <span class='ocr_line' id='line_1_41' title="bbox 311 2306 945 2352; baseline -0.011 -8"><span class='ocrx_word' id='word_1_253' title='bbox 311 2311 523 2344; x_wconf 81' lang='grc' dir='ltr'><em>ἑπίπαν-</em></span> <span class='ocrx_word' id='word_1_254' title='bbox 548 2308 764 2352; x_wconf 81' lang='grc' dir='ltr'><em>ἡγεῖσθαι,</em></span> <span class='ocrx_word' id='word_1_255' title='bbox 790 2309 864 2341; x_wconf 82' lang='lat' dir='ltr'>sine</span> <span class='ocrx_word' id='word_1_256' title='bbox 883 2306 945 2337; x_wconf 87' lang='lat' dir='ltr'>du-</span> 
     </span>
     <span class='ocr_line' id='line_1_42' title="bbox 312 2351 946 2410; baseline -0.013 -19"><span class='ocrx_word' id='word_1_257' title='bbox 312 2360 371 2391; x_wconf 92' lang='lat' dir='ltr'>bio</span> <span class='ocrx_word' id='word_1_258' title='bbox 409 2359 522 2390; x_wconf 81' lang='lat' dir='ltr'>labem</span> <span class='ocrx_word' id='word_1_259' title='bbox 559 2360 797 2410; x_wconf 67' lang='lat' dir='ltr'>susceperunt.</span> <span class='ocrx_word' id='word_1_260' title='bbox 853 2351 946 2384; x_wconf 88' lang='lat' dir='ltr'>Scri-</span> 
     </span>
     <span class='ocr_line' id='line_1_43' title="bbox 312 2397 947 2437; baseline -0.014 0"><span class='ocrx_word' id='word_1_261' title='bbox 312 2405 461 2437; x_wconf 87' lang='lat' dir='ltr'>bendum</span> <span class='ocrx_word' id='word_1_262' title='bbox 498 2403 650 2435; x_wconf 76' lang='lat' dir='ltr'>videtur:</span> <span class='ocrx_word' id='word_1_263' title='bbox 701 2397 781 2433; x_wconf 67' lang='lat' dir='ltr'>(xisr&#39;</span> <span class='ocrx_word' id='word_1_264' title='bbox 826 2398 947 2430; x_wconf 78' lang='grc' dir='ltr'><em>ἐπιπαι</em></span> 
     </span>
     <span class='ocr_line' id='line_1_44' title="bbox 315 2445 949 2489; baseline -0.013 -7"><span class='ocrx_word' id='word_1_265' title='bbox 315 2447 364 2482; x_wconf 75' lang='grc' dir='ltr'>αεὶ</span> <span class='ocrx_word' id='word_1_266' title='bbox 383 2461 514 2482; x_wconf 68' lang='lat' dir='ltr'><em>lovlwv</em></span> <span class='ocrx_word' id='word_1_267' title='bbox 533 2460 632 2489; x_wconf 76' lang='grc' dir='ltr'><em>ἴρίω1’</em></span> <span class='ocrx_word' id='word_1_268' title='bbox 654 2446 764 2480; x_wconf 71' lang='grc' dir='ltr'>ὅῙῚωΡ</span> <span class='ocrx_word' id='word_1_269' title='bbox 783 2457 842 2478; x_wconf 75' lang='lat'>101¹</span> <span class='ocrx_word' id='word_1_270' title='bbox 863 2445 949 2475; x_wconf 69' lang='grc' dir='ltr'>νοῦν</span> 
     </span>
     <span class='ocr_line' id='line_1_45' title="bbox 316 2491 949 2536; baseline -0.013 -8"><span class='ocrx_word' id='word_1_271' title='bbox 316 2498 417 2528; x_wconf 70' lang='grc' dir='ltr'>ἴσως</span> <span class='ocrx_word' id='word_1_272' title='bbox 449 2496 567 2536; x_wconf 77' lang='grc' dir='ltr'><em>ἔχοντα</em></span> <span class='ocrx_word' id='word_1_273' title='bbox 601 2491 776 2536; x_wconf 67' lang='grc' dir='ltr'><em>ἡγεῖσθαι,</em></span> <span class='ocrx_word' id='word_1_274' title='bbox 811 2493 872 2523; x_wconf 83' lang='lat' dir='ltr'>ita</span> <span class='ocrx_word' id='word_1_275' title='bbox 905 2495 949 2521; x_wconf 85' lang='lat' dir='ltr'>ut</span> 
     </span>
     <span class='ocr_line' id='line_1_46' title="bbox 315 2538 947 2574; baseline -0.011 0"><span class='ocrx_word' id='word_1_276' title='bbox 315 2545 357 2574; x_wconf 92' lang='lat' dir='ltr'>in</span> <span class='ocrx_word' id='word_1_277' title='bbox 405 2543 658 2574; x_wconf 85' lang='lat' dir='ltr'>universum</span> <span class='ocrx_word' id='word_1_278' title='bbox 707 2540 796 2571; x_wconf 86' lang='lat' dir='ltr'>tria</span> <span class='ocrx_word' id='word_1_279' title='bbox 842 2538 947 2568; x_wconf 76' lang='lat' dir='ltr'>haec</span> 
     </span>
     <span class='ocr_line' id='line_1_47' title="bbox 316 2587 948 2629; baseline -0.011 -9"><span class='ocrx_word' id='word_1_280' title='bbox 316 2598 503 2629; x_wconf 85' lang='lat' dir='ltr'>corpora</span> <span class='ocrx_word' id='word_1_281' title='bbox 554 2587 770 2619; x_wconf 78' lang='lat' dir='ltr'>mundana</span> <span class='ocrx_word' id='word_1_282' title='bbox 822 2593 948 2625; x_wconf 89' lang='lat' dir='ltr'>quum</span> 
     </span>
     <span class='ocr_line' id='line_1_48' title="bbox 317 2629 948 2673; baseline -0.011 -7"><span class='ocrx_word' id='word_1_283' title='bbox 317 2636 422 2673; x_wconf 83' lang='lat' dir='ltr'>sint,</span> <span class='ocrx_word' id='word_1_284' title='bbox 454 2632 567 2665; x_wconf 78' lang='lat' dir='ltr'>ratio</span> <span class='ocrx_word' id='word_1_285' title='bbox 601 2643 648 2665; x_wconf 79' lang='lat' dir='ltr'>ea</span> <span class='ocrx_word' id='word_1_286' title='bbox 681 2639 847 2672; x_wconf 83' lang='lat' dir='ltr'><strong>semper</strong></span> <span class='ocrx_word' id='word_1_287' title='bbox 880 2629 948 2660; x_wconf 87' lang='lat' dir='ltr'>du-</span> 
     </span>
     <span class='ocr_line' id='line_1_49' title="bbox 317 2675 949 2720; baseline -0.014 -7"><span class='ocrx_word' id='word_1_288' title='bbox 317 2685 385 2713; x_wconf 74' lang='lat' dir='ltr'>cat</span> <span class='ocrx_word' id='word_1_289' title='bbox 438 2680 687 2720; x_wconf 76' lang='lat' dir='ltr'>aequaliter</span> <span class='ocrx_word' id='word_1_290' title='bbox 734 2685 829 2710; x_wconf 80' lang='lat' dir='ltr'>sese</span> <span class='ocrx_word' id='word_1_291' title='bbox 876 2675 949 2705; x_wconf 79' lang='lat' dir='ltr'>ha-</span> 
     </span>
     <span class='ocr_line' id='line_1_50' title="bbox 317 2720 951 2759; baseline -0.014 0"><span class='ocrx_word' id='word_1_292' title='bbox 317 2727 430 2759; x_wconf 85' lang='lat' dir='ltr'><strong>bens.</strong></span> <span class='ocrx_word' id='word_1_293' title='bbox 473 2725 526 2756; x_wconf 78' lang='lat' dir='ltr'>Ita</span> <span class='ocrx_word' id='word_1_294' title='bbox 552 2724 675 2756; x_wconf 71' lang='grc' dir='ltr'><em>ἱκανῶς</em></span> <span class='ocrx_word' id='word_1_295' title='bbox 697 2729 731 2755; x_wconf 81' lang='lat' dir='ltr'>et</span> <span class='ocrx_word' id='word_1_296' title='bbox 757 2723 839 2754; x_wconf 64' lang='grc' dir='ltr'>ἴσως</span> <span class='ocrx_word' id='word_1_297' title='bbox 864 2720 951 2752; x_wconf 87' lang='lat' dir='ltr'>vidi-</span> 
     </span>
     <span class='ocr_line' id='line_1_51' title="bbox 317 2774 952 2813; baseline -0.011 -7"><span class='ocrx_word' id='word_1_298' title='bbox 317 2783 392 2806; x_wconf 89' lang='lat' dir='ltr'>mus</span> <span class='ocrx_word' id='word_1_299' title='bbox 426 2777 554 2803; x_wconf 74' lang='lat' dir='ltr'>temere</span> <span class='ocrx_word' id='word_1_300' title='bbox 589 2774 782 2813; x_wconf 78' lang='lat' dir='ltr'>permutata</span> <span class='ocrx_word' id='word_1_301' title='bbox 813 2777 888 2800; x_wconf 69' lang='lat' dir='ltr'>esse</span> <span class='ocrx_word' id='word_1_302' title='bbox 921 2777 952 2806; x_wconf 84' lang='lat' dir='ltr'><strong>p.</strong></span> 
     </span>
    </p>
   </div>
   <div class='ocr_carea' id='block_1_11' title="bbox 1480 945 1503 954">
    <p class='ocr_par' dir='ltr' id='par_1_12' title="bbox 1480 945 1503 954">
     <span class='ocr_line' id='line_1_52' title="bbox 1480 945 1503 954; baseline 0 0"><span class='ocrx_word' id='word_1_303' title='bbox 1480 945 1503 954; x_wconf 67' lang='lat' dir='ltr'>n-</span> 
     </span>
    </p>
   </div>
   <div class='ocr_carea' id='block_1_12' title="bbox 1544 953 1632 974">
    <p class='ocr_par' dir='ltr' id='par_1_13' title="bbox 1544 953 1632 974">
     <span class='ocr_line' id='line_1_53' title="bbox 1544 953 1632 974; baseline 0 0"><span class='ocrx_word' id='word_1_304' title='bbox 1544 954 1579 974; x_wconf 84' lang='grc' dir='ltr'>Χ.</span> <span class='ocrx_word' id='word_1_305' title='bbox 1606 953 1632 974; x_wconf 75' lang='grc' dir='ltr'>Υ-</span> 
     </span>
    </p>
   </div>
   <div class='ocr_carea' id='block_1_13' title="bbox 1001 1095 1638 1276">
    <p class='ocr_par' dir='ltr' id='par_1_14' title="bbox 1001 1095 1638 1276">
     <span class='ocr_line' id='line_1_54' title="bbox 1001 1095 1636 1140; baseline -0.014 0"><span class='ocrx_word' id='word_1_306' title='bbox 1001 1107 1068 1140; x_wconf 77' lang='grc'>977</span> <span class='ocrx_word' id='word_1_307' title='bbox 1117 1107 1159 1137; x_wconf 87' lang='grc' dir='ltr'>Ε.</span> <span class='ocrx_word' id='word_1_308' title='bbox 1198 1106 1255 1137; x_wconf 88' lang='lat' dir='ltr'>ubi</span> <span class='ocrx_word' id='word_1_309' title='bbox 1302 1114 1385 1135; x_wconf 80' lang='lat' dir='ltr'>vera</span> <span class='ocrx_word' id='word_1_310' title='bbox 1426 1095 1531 1134; x_wconf 86' lang='lat' dir='ltr'>lectio</span> <span class='ocrx_word' id='word_1_311' title='bbox 1567 1107 1636 1132; x_wconf 84' lang='lat' dir='ltr'>est:</span> 
     </span>
     <span class='ocr_line' id='line_1_55' title="bbox 1003 1148 1638 1191; baseline -0.009 -7"><span class='ocrx_word' id='word_1_312' title='bbox 1003 1151 1114 1191; x_wconf 75' lang='grc' dir='ltr'><em>δόξειε</em></span> <span class='ocrx_word' id='word_1_313' title='bbox 1139 1148 1171 1183; x_wconf 84' lang='grc' dir='ltr'>δ’</span> <span class='ocrx_word' id='word_1_314' title='bbox 1199 1149 1240 1181; x_wconf 78' lang='grc' dir='ltr'>ἂν</span> <span class='ocrx_word' id='word_1_315' title='bbox 1265 1151 1347 1181; x_wconf 78' lang='grc' dir='ltr'><em>ἴσως</em></span> <span class='ocrx_word' id='word_1_316' title='bbox 1373 1157 1420 1180; x_wconf 74' lang='grc' dir='ltr'>τις</span> <span class='ocrx_word' id='word_1_317' title='bbox 1445 1148 1515 1189; x_wconf 84' lang='grc' dir='ltr'><em>βρ.,</em></span> <span class='ocrx_word' id='word_1_318' title='bbox 1533 1157 1638 1189; x_wconf 90' lang='lat' dir='ltr'>quum</span> 
     </span>
     <span class='ocr_line' id='line_1_56' title="bbox 1003 1193 1638 1230; baseline -0.011 0"><span class='ocrx_word' id='word_1_319' title='bbox 1003 1199 1102 1230; x_wconf 89' lang='lat' dir='ltr'>codd.</span> <span class='ocrx_word' id='word_1_320' title='bbox 1129 1198 1289 1229; x_wconf 79' lang='lat' dir='ltr'>Platonis</span> <span class='ocrx_word' id='word_1_321' title='bbox 1314 1196 1479 1228; x_wconf 79' lang='lat' dir='ltr'>habeant:</span> <span class='ocrx_word' id='word_1_322' title='bbox 1513 1193 1638 1225; x_wconf 75' lang='lat' dir='ltr'>[naz-033</span> 
     </span>
     <span class='ocr_line' id='line_1_57' title="bbox 1005 1255 1078 1276; baseline -0.014 0"><span class='ocrx_word' id='word_1_323' title='bbox 1005 1255 1078 1276; x_wconf 85' lang='grc' dir='ltr'><em>τισι.</em></span> 
     </span>
    </p>
   </div>
   <div class='ocr_carea' id='block_1_14' title="bbox 1002 1305 1648 2404">
    <p class='ocr_par' dir='ltr' id='par_1_15' title="bbox 1002 1305 1648 2404">
     <span class='ocr_line' id='line_1_58' title="bbox 1049 1305 1638 1353; baseline -0.01 -9"><span class='ocrx_word' id='word_1_324' title='bbox 1049 1314 1114 1344; x_wconf 80' lang='grc' dir='ltr'>καὶ</span> <span class='ocrx_word' id='word_1_325' title='bbox 1151 1314 1314 1353; x_wconf 81' lang='grc' dir='ltr'><em>τρίτου,</em></span> <span class='ocrx_word' id='word_1_326' title='bbox 1349 1306 1401 1340; x_wconf 74' lang='grc' dir='ltr'>ὥς</span> <span class='ocrx_word' id='word_1_327' title='bbox 1434 1307 1509 1348; x_wconf 86' lang='grc' dir='ltr'>μὲν</span> <span class='ocrx_word' id='word_1_328' title='bbox 1547 1305 1638 1340; x_wconf 79' lang='grc' dir='ltr'><em>ὀνό-</em></span> 
     </span>
     <span class='ocr_line' id='line_1_59' title="bbox 1003 1353 1640 1410; baseline -0.009 -19"><span class='ocrx_word' id='word_1_329' title='bbox 1003 1371 1096 1399; x_wconf 89' lang='grc' dir='ltr'><em>ματι</em></span> <span class='ocrx_word' id='word_1_330' title='bbox 1123 1378 1158 1382; x_wconf 84' lang='grc'>-</span> <span class='ocrx_word' id='word_1_331' title='bbox 1199 1354 1545 1410; x_wconf 69' lang='grc' dir='ltr'>γιγιωίτκεσθάι.]1</span> <span class='ocrx_word' id='word_1_332' title='bbox 1582 1353 1640 1386; x_wconf 82' lang='lat' dir='ltr'>Sic</span> 
     </span>
     <span class='ocr_line' id='line_1_60' title="bbox 1002 1401 1639 1459; baseline -0.011 -22"><span class='ocrx_word' id='word_1_333' title='bbox 1002 1406 1125 1459; x_wconf 90' lang='lat' dir='ltr'>optimi</span> <span class='ocrx_word' id='word_1_334' title='bbox 1152 1405 1252 1436; x_wconf 89' lang='lat' dir='ltr'>codd.</span> <span class='ocrx_word' id='word_1_335' title='bbox 1281 1413 1343 1445; x_wconf 91' lang='lat' dir='ltr'>pro</span> <span class='ocrx_word' id='word_1_336' title='bbox 1371 1402 1465 1442; x_wconf 86' lang='lat' dir='ltr'>vulg.</span> <span class='ocrx_word' id='word_1_337' title='bbox 1493 1401 1546 1431; x_wconf 88' lang='grc' dir='ltr'>καὶ</span> <span class='ocrx_word' id='word_1_338' title='bbox 1573 1402 1639 1440; x_wconf 73' lang='lat' dir='ltr'>zpi-</span> 
     </span>
     <span class='ocr_line' id='line_1_61' title="bbox 1005 1447 1640 1489; baseline -0.009 -6"><span class='ocrx_word' id='word_1_339' title='bbox 1005 1464 1063 1483; x_wconf 81' lang='grc' dir='ltr'>τον</span> <span class='ocrx_word' id='word_1_340' title='bbox 1088 1448 1134 1482; x_wconf 69' lang='grc' dir='ltr'>ὠς</span> <span class='ocrx_word' id='word_1_341' title='bbox 1158 1462 1189 1489; x_wconf 90' lang='grc' dir='ltr'>μ.</span> <span class='ocrx_word' id='word_1_342' title='bbox 1242 1449 1313 1481; x_wconf 82' lang='lat' dir='ltr'>Sed</span> <span class='ocrx_word' id='word_1_343' title='bbox 1345 1458 1388 1480; x_wconf 85' lang='lat' dir='ltr'>ne</span> <span class='ocrx_word' id='word_1_344' title='bbox 1418 1449 1468 1479; x_wconf 85' lang='lat' dir='ltr'>sic</span> <span class='ocrx_word' id='word_1_345' title='bbox 1502 1447 1640 1488; x_wconf 88' lang='lat' dir='ltr'>quidem</span> 
     </span>
     <span class='ocr_line' id='line_1_62' title="bbox 1004 1493 1641 1538; baseline -0.011 -8"><span class='ocrx_word' id='word_1_346' title='bbox 1004 1509 1087 1530; x_wconf 81' lang='lat' dir='ltr'>area</span> <span class='ocrx_word' id='word_1_347' title='bbox 1110 1502 1324 1538; x_wconf 82' lang='lat' dir='ltr'><strong>perpurgata</strong></span> <span class='ocrx_word' id='word_1_348' title='bbox 1339 1500 1400 1526; x_wconf 83' lang='lat' dir='ltr'><strong>est.</strong></span> <span class='ocrx_word' id='word_1_349' title='bbox 1435 1493 1641 1534; x_wconf 81' lang='lat' dir='ltr'>Legendum</span> 
     </span>
     <span class='ocr_line' id='line_1_63' title="bbox 1006 1537 1640 1581; baseline -0.011 -5"><span class='ocrx_word' id='word_1_350' title='bbox 1006 1545 1161 1576; x_wconf 79' lang='lat' dir='ltr'>videtur:</span> <span class='ocrx_word' id='word_1_351' title='bbox 1207 1540 1247 1573; x_wconf 66' lang='grc' dir='ltr'>ὃν</span> <span class='ocrx_word' id='word_1_352' title='bbox 1281 1541 1339 1581; x_wconf 81' lang='grc' dir='ltr'>μὲι</span> <span class='ocrx_word' id='word_1_353' title='bbox 1376 1537 1516 1579; x_wconf 81' lang='grc' dir='ltr'><em>ὀνόματι</em></span> <span class='ocrx_word' id='word_1_354' title='bbox 1553 1537 1640 1579; x_wconf 83' lang='grc' dir='ltr'><em>φρά-</em></span> 
     </span>
     <span class='ocr_line' id='line_1_64' title="bbox 1005 1582 1641 1632; baseline -0.01 -11"><span class='ocrx_word' id='word_1_355' title='bbox 1005 1593 1089 1632; x_wconf 73' lang='grc' dir='ltr'><em>ζειν,</em></span> <span class='ocrx_word' id='word_1_356' title='bbox 1118 1594 1178 1621; x_wconf 84' lang='lat' dir='ltr'>aut</span> <span class='ocrx_word' id='word_1_357' title='bbox 1204 1583 1247 1620; x_wconf 82' lang='grc' dir='ltr'>οὗ</span> <span class='ocrx_word' id='word_1_358' title='bbox 1270 1587 1329 1627; x_wconf 84' lang='grc' dir='ltr'>μὲν</span> <span class='ocrx_word' id='word_1_359' title='bbox 1356 1583 1465 1626; x_wconf 79' lang='grc' dir='ltr'><em>ὄνομά</em></span> <span class='ocrx_word' id='word_1_360' title='bbox 1494 1596 1520 1616; x_wconf 88' lang='grc' dir='ltr'>τι</span> <span class='ocrx_word' id='word_1_361' title='bbox 1552 1582 1641 1626; x_wconf 79' lang='grc' dir='ltr'><em>φρά-</em></span> 
     </span>
     <span class='ocr_line' id='line_1_65' title="bbox 1009 1631 1642 1678; baseline -0.008 -11"><span class='ocrx_word' id='word_1_362' title='bbox 1009 1639 1076 1678; x_wconf 67' lang='grc' dir='ltr'>ζει]</span> <span class='ocrx_word' id='word_1_363' title='bbox 1111 1646 1177 1667; x_wconf 84' lang='grc' dir='ltr'>ουκ</span> <span class='ocrx_word' id='word_1_364' title='bbox 1207 1631 1292 1671; x_wconf 81' lang='grc' dir='ltr'><em>ἔστι,</em></span> <span class='ocrx_word' id='word_1_365' title='bbox 1336 1634 1461 1665; x_wconf 89' lang='lat' dir='ltr'>cuius</span> <span class='ocrx_word' id='word_1_366' title='bbox 1494 1641 1642 1663; x_wconf 86' lang='lat' dir='ltr'>nomen</span> 
     </span>
     <span class='ocr_line' id='line_1_66' title="bbox 1009 1678 1643 1723; baseline -0.009 -9"><span class='ocrx_word' id='word_1_367' title='bbox 1009 1682 1198 1723; x_wconf 83' lang='lat' dir='ltr'>aliquod</span> <span class='ocrx_word' id='word_1_368' title='bbox 1235 1680 1434 1712; x_wconf 84' lang='lat' dir='ltr'>indicare</span> <span class='ocrx_word' id='word_1_369' title='bbox 1476 1688 1557 1709; x_wconf 89' lang='lat' dir='ltr'>non</span> <span class='ocrx_word' id='word_1_370' title='bbox 1596 1678 1643 1708; x_wconf 90' lang='lat' dir='ltr'>li-</span> 
     </span>
     <span class='ocr_line' id='line_1_67' title="bbox 1009 1724 1643 1768; baseline -0.011 -8"><span class='ocrx_word' id='word_1_371' title='bbox 1009 1734 1083 1767; x_wconf 81' lang='lat' dir='ltr'>cet,</span> <span class='ocrx_word' id='word_1_372' title='bbox 1117 1732 1355 1768; x_wconf 82' lang='lat' dir='ltr'>propterea</span> <span class='ocrx_word' id='word_1_373' title='bbox 1379 1724 1493 1766; x_wconf 91' lang='lat' dir='ltr'>quod</span> <span class='ocrx_word' id='word_1_374' title='bbox 1527 1724 1643 1764; x_wconf 88' lang='lat' dir='ltr'>igno-</span> 
     </span>
     <span class='ocr_line' id='line_1_68' title="bbox 1009 1769 1645 1807; baseline -0.008 -2"><span class='ocrx_word' id='word_1_375' title='bbox 1009 1781 1142 1807; x_wconf 83' lang='lat' dir='ltr'>ratur.</span> <span class='ocrx_word' id='word_1_376' title='bbox 1215 1772 1383 1804; x_wconf 87' lang='lat' dir='ltr'>Nimirum</span> <span class='ocrx_word' id='word_1_377' title='bbox 1433 1769 1535 1801; x_wconf 86' lang='lat' dir='ltr'>stella</span> <span class='ocrx_word' id='word_1_378' title='bbox 1584 1769 1645 1800; x_wconf 85' lang='lat' dir='ltr'>illa</span> 
     </span>
     <span class='ocr_line' id='line_1_69' title="bbox 1009 1813 1644 1869; baseline -0.009 -17"><span class='ocrx_word' id='word_1_379' title='bbox 1009 1821 1143 1863; x_wconf 81' lang='lat' dir='ltr'>quinta,</span> <span class='ocrx_word' id='word_1_380' title='bbox 1170 1829 1259 1860; x_wconf 84' lang='lat' dir='ltr'>quae</span> <span class='ocrx_word' id='word_1_381' title='bbox 1283 1822 1334 1850; x_wconf 83' lang='lat' dir='ltr'>est</span> <span class='ocrx_word' id='word_1_382' title='bbox 1358 1813 1554 1869; x_wconf 79' lang='grc' dir='ltr'><em>ὀμοδρόμος</em></span> <span class='ocrx_word' id='word_1_383' title='bbox 1569 1814 1644 1847; x_wconf 83' lang='grc' dir='ltr'>80Ιί</span> 
     </span>
     <span class='ocr_line' id='line_1_70' title="bbox 1008 1861 1645 1908; baseline -0.011 -9"><span class='ocrx_word' id='word_1_384' title='bbox 1008 1873 1113 1908; x_wconf 81' lang='lat' dir='ltr'>atque</span> <span class='ocrx_word' id='word_1_385' title='bbox 1148 1864 1298 1904; x_wconf 78' lang='lat' dir='ltr'>Veneri,</span> <span class='ocrx_word' id='word_1_386' title='bbox 1337 1868 1389 1895; x_wconf 85' lang='lat' dir='ltr'>est</span> <span class='ocrx_word' id='word_1_387' title='bbox 1429 1862 1505 1894; x_wconf 83' lang='lat' dir='ltr'>sine</span> <span class='ocrx_word' id='word_1_388' title='bbox 1538 1861 1645 1893; x_wconf 90' lang='lat' dir='ltr'>dubio</span> 
     </span>
     <span class='ocr_line' id='line_1_71' title="bbox 1009 1908 1644 1953; baseline -0.008 -9"><span class='ocrx_word' id='word_1_389' title='bbox 1009 1911 1195 1950; x_wconf 83' lang='lat' dir='ltr'>Mercurii,</span> <span class='ocrx_word' id='word_1_390' title='bbox 1237 1921 1339 1953; x_wconf 81' lang='lat' dir='ltr'>quam</span> <span class='ocrx_word' id='word_1_391' title='bbox 1382 1908 1551 1949; x_wconf 78' lang='grc' dir='ltr'><em>στίλβωνα</em></span> <span class='ocrx_word' id='word_1_392' title='bbox 1585 1918 1644 1948; x_wconf 81' lang='lat' dir='ltr'><strong>ap-</strong></span> 
     </span>
     <span class='ocr_line' id='line_1_72' title="bbox 1009 1954 1644 2000; baseline -0.009 -10"><span class='ocrx_word' id='word_1_393' title='bbox 1009 1959 1237 2000; x_wconf 82' lang='lat' dir='ltr'>pellaverunt.</span> <span class='ocrx_word' id='word_1_394' title='bbox 1289 1956 1432 1987; x_wconf 65' lang='lat' dir='ltr'>Videtur</span> <span class='ocrx_word' id='word_1_395' title='bbox 1459 1959 1574 1986; x_wconf 76' lang='lat' dir='ltr'>autem</span> <span class='ocrx_word' id='word_1_396' title='bbox 1600 1954 1644 1985; x_wconf 88' lang='lat' dir='ltr'>si-</span> 
     </span>
     <span class='ocr_line' id='line_1_73' title="bbox 1010 2003 1647 2046; baseline -0.009 -10"><span class='ocrx_word' id='word_1_397' title='bbox 1010 2005 1185 2046; x_wconf 85' lang='lat' dir='ltr'>gnificari</span> <span class='ocrx_word' id='word_1_398' title='bbox 1231 2012 1357 2035; x_wconf 83' lang='lat' dir='ltr'>nomen</span> <span class='ocrx_word' id='word_1_399' title='bbox 1399 2003 1476 2032; x_wconf 90' lang='lat' dir='ltr'>eius</span> <span class='ocrx_word' id='word_1_400' title='bbox 1519 2010 1647 2041; x_wconf 77' lang='lat' dir='ltr'>vagum</span> 
     </span>
     <span class='ocr_line' id='line_1_74' title="bbox 1011 2046 1646 2097; baseline -0.011 -15"><span class='ocrx_word' id='word_1_401' title='bbox 1011 2058 1044 2082; x_wconf 82' lang='lat' dir='ltr'>et</span> <span class='ocrx_word' id='word_1_402' title='bbox 1085 2053 1255 2082; x_wconf 80' lang='lat' dir='ltr'>incertum</span> <span class='ocrx_word' id='word_1_403' title='bbox 1300 2049 1419 2080; x_wconf 81' lang='lat' dir='ltr'>fuisse.</span> <span class='ocrx_word' id='word_1_404' title='bbox 1482 2046 1534 2077; x_wconf 90' lang='lat' dir='ltr'>Dc</span> <span class='ocrx_word' id='word_1_405' title='bbox 1579 2055 1646 2097; x_wconf 76' lang='lat' dir='ltr'><strong>q¹¹.⁰</strong></span> 
     </span>
     <span class='ocr_line' id='line_1_75' title="bbox 1010 2092 1646 2135; baseline -0.013 -6"><span class='ocrx_word' id='word_1_406' title='bbox 1010 2098 1132 2129; x_wconf 83' lang='lat' dir='ltr'>audias</span> <span class='ocrx_word' id='word_1_407' title='bbox 1167 2096 1224 2129; x_wconf 90' lang='lat' dir='ltr'>Io</span> <span class='ocrx_word' id='word_1_408' title='bbox 1253 2095 1413 2135; x_wconf 89' lang='lat' dir='ltr'>Lydum</span> <span class='ocrx_word' id='word_1_409' title='bbox 1437 2093 1492 2124; x_wconf 85' lang='lat' dir='ltr'>De</span> <span class='ocrx_word' id='word_1_410' title='bbox 1522 2092 1646 2123; x_wconf 84' lang='lat' dir='ltr'>mensi-</span> 
     </span>
     <span class='ocr_line' id='line_1_76' title="bbox 1011 2133 1645 2194; baseline -0.013 -19"><span class='ocrx_word' id='word_1_411' title='bbox 1011 2145 1074 2175; x_wconf 87' lang='lat' dir='ltr'>bus</span> <span class='ocrx_word' id='word_1_412' title='bbox 1098 2153 1130 2184; x_wconf 92' lang='lat' dir='ltr'><strong>p.</strong></span> <span class='ocrx_word' id='word_1_413' title='bbox 1151 2142 1212 2175; x_wconf 89' lang='grc'>21;</span> <span class='ocrx_word' id='word_1_414' title='bbox 1248 2139 1307 2181; x_wconf 85' lang='grc' dir='ltr'>τὴι</span> <span class='ocrx_word' id='word_1_415' title='bbox 1333 2138 1367 2170; x_wconf 83' lang='grc' dir='ltr'>δὲ</span> <span class='ocrx_word' id='word_1_416' title='bbox 1395 2137 1548 2194; x_wconf 48' lang='lat' dir='ltr'>teni-prm·</span> <span class='ocrx_word' id='word_1_417' title='bbox 1570 2133 1645 2177; x_wconf 79' lang='grc' dir='ltr'>ἦμέ-</span> 
     </span>
     <span class='ocr_line' id='line_1_77' title="bbox 1014 2179 1646 2229; baseline -0.011 -9"><span class='ocrx_word' id='word_1_418' title='bbox 1014 2201 1076 2229; x_wconf 78' lang='grc' dir='ltr'>ραν</span> <span class='ocrx_word' id='word_1_419' title='bbox 1100 2187 1331 2229; x_wconf 73' lang='grc' dir='ltr'><em>Στιλβονιι</em></span> <span class='ocrx_word' id='word_1_420' title='bbox 1355 2183 1404 2215; x_wconf 70' lang='grc' dir='ltr'>ἐπὶ</span> <span class='ocrx_word' id='word_1_421' title='bbox 1431 2184 1496 2215; x_wconf 75' lang='grc' dir='ltr'>τῶι</span> <span class='ocrx_word' id='word_1_422' title='bbox 1522 2179 1646 2223; x_wconf 63' lang='lat' dir='ltr'>ulan}-</span> 
     </span>
     <span class='ocr_line' id='line_1_78' title="bbox 1014 2226 1643 2273; baseline -0.011 -8"><span class='ocrx_word' id='word_1_423' title='bbox 1014 2246 1079 2266; x_wconf 79' lang='grc' dir='ltr'>τωι</span> <span class='ocrx_word' id='word_1_424' title='bbox 1114 2230 1186 2264; x_wconf 84' lang='grc' dir='ltr'><em>κατ’</em></span> <span class='ocrx_word' id='word_1_425' title='bbox 1218 2232 1429 2273; x_wconf 75' lang='grc' dir='ltr'>Α’ἰγυπιιους</span> <span class='ocrx_word' id='word_1_426' title='bbox 1462 2226 1554 2260; x_wconf 82' lang='grc' dir='ltr'><em>οὕτω</em></span> <span class='ocrx_word' id='word_1_427' title='bbox 1589 2240 1643 2259; x_wconf 76' lang='grc' dir='ltr'>κα-</span> 
     </span>
     <span class='ocr_line' id='line_1_79' title="bbox 1013 2273 1648 2329; baseline -0.009 -18"><span class='ocrx_word' id='word_1_428' title='bbox 1013 2279 1175 2329; x_wconf 68' lang='grc' dir='ltr'>λυομένῳ</span> <span class='ocrx_word' id='word_1_429' title='bbox 1192 2276 1360 2310; x_wconf 74' lang='grc' dir='ltr'><em>ἀνέθειτο</em></span> <span class='ocrx_word' id='word_1_430' title='bbox 1387 2295 1427 2298; x_wconf 83' lang='grc'><strong>-</strong></span> <span class='ocrx_word' id='word_1_431' title='bbox 1453 2273 1581 2315; x_wconf 81' lang='grc' dir='ltr'><em>Ἑρμοῦ</em></span> <span class='ocrx_word' id='word_1_432' title='bbox 1612 2273 1648 2305; x_wconf 79' lang='grc' dir='ltr'>δὲ</span> 
     </span>
     <span class='ocr_line' id='line_1_80' title="bbox 1016 2319 1647 2365; baseline -0.01 -8"><span class='ocrx_word' id='word_1_433' title='bbox 1016 2327 1138 2358; x_wconf 80' lang='grc' dir='ltr'><em>τοῦτοι</em></span> <span class='ocrx_word' id='word_1_434' title='bbox 1168 2322 1334 2365; x_wconf 69' lang='grc' dir='ltr'><em>”Ἐλὶητες</em></span> <span class='ocrx_word' id='word_1_435' title='bbox 1369 2333 1453 2353; x_wconf 86' lang='grc' dir='ltr'><strong><em>ειιαι</em></strong></span> <span class='ocrx_word' id='word_1_436' title='bbox 1496 2319 1647 2362; x_wconf 71' lang='grc' dir='ltr'><em>βούλον-</em></span> 
     </span>
     <span class='ocr_line' id='line_1_81' title="bbox 1015 2367 1648 2404; baseline -0.008 -1"><span class='ocrx_word' id='word_1_437' title='bbox 1015 2367 1489 2404; x_wconf 76' lang='lat' dir='ltr'>1a1.eont.Aristot.De</span> <span class='ocrx_word' id='word_1_438' title='bbox 1520 2368 1648 2399; x_wconf 83' lang='lat' dir='ltr'>mundo</span> 
     </span>
    </p>
   </div>
   <div class='ocr_carea' id='block_1_15' title="bbox 1015 2412 1648 2497">
    <p class='ocr_par' dir='ltr' id='par_1_16' title="bbox 1015 2412 1648 2497">
     <span class='ocr_line' id='line_1_82' title="bbox 1015 2412 1648 2456; baseline -0.009 -6"><span class='ocrx_word' id='word_1_439' title='bbox 1015 2419 1061 2450; x_wconf 93' lang='lat'><strong>11.</strong></span> <span class='ocrx_word' id='word_1_440' title='bbox 1088 2418 1118 2452; x_wconf 84' lang='lat'>8.</span> <span class='ocrx_word' id='word_1_441' title='bbox 1148 2418 1255 2449; x_wconf 82' lang='lat' dir='ltr'><strong>Plut.</strong></span> <span class='ocrx_word' id='word_1_442' title='bbox 1293 2416 1419 2447; x_wconf 85' lang='lat' dir='ltr'>Moral.</span> <span class='ocrx_word' id='word_1_443' title='bbox 1446 2425 1478 2456; x_wconf 90' lang='lat' dir='ltr'><strong>p.</strong></span> <span class='ocrx_word' id='word_1_444' title='bbox 1503 2412 1582 2448; x_wconf 83' lang='lat'><strong>889.</strong></span> <span class='ocrx_word' id='word_1_445' title='bbox 1609 2413 1648 2445; x_wconf 91' lang='lat' dir='ltr'>B.</span> 
     </span>
     <span class='ocr_line' id='line_1_83' title="bbox 1017 2459 1541 2497; baseline -0.01 0"><span class='ocrx_word' id='word_1_446' title='bbox 1017 2465 1055 2497; x_wconf 89' lang='lat' dir='ltr'>C.</span> <span class='ocrx_word' id='word_1_447' title='bbox 1084 2463 1168 2496; x_wconf 82' lang='lat' dir='ltr'>Cic.</span> <span class='ocrx_word' id='word_1_448' title='bbox 1198 2463 1251 2494; x_wconf 83' lang='lat' dir='ltr'>De</span> <span class='ocrx_word' id='word_1_449' title='bbox 1277 2461 1321 2494; x_wconf 90' lang='lat' dir='ltr'>N.</span> <span class='ocrx_word' id='word_1_450' title='bbox 1351 2461 1390 2492; x_wconf 90' lang='grc' dir='ltr'>Ι).</span> <span class='ocrx_word' id='word_1_451' title='bbox 1418 2460 1459 2496; x_wconf 83' lang='grc' dir='ltr'>ΙΙ,</span> <span class='ocrx_word' id='word_1_452' title='bbox 1485 2459 1541 2493; x_wconf 85' lang='grc'>20.</span> 
     </span>
    </p>
   </div>
   <div class='ocr_carea' id='block_1_16' title="bbox 1017 2524 1650 2803">
    <p class='ocr_par' dir='ltr' id='par_1_17' title="bbox 1017 2524 1650 2803">
     <span class='ocr_line' id='line_1_84' title="bbox 1062 2524 1648 2567; baseline -0.011 -4"><span class='ocrx_word' id='word_1_453' title='bbox 1062 2542 1217 2563; x_wconf 83' lang='grc' dir='ltr'><em>τουτου</em></span> <span class='ocrx_word' id='word_1_454' title='bbox 1254 2526 1287 2561; x_wconf 83' lang='grc' dir='ltr'>δ’</span> <span class='ocrx_word' id='word_1_455' title='bbox 1323 2530 1460 2560; x_wconf 73' lang='grc' dir='ltr'><em>αι”τιος</em></span> <span class='ocrx_word' id='word_1_456' title='bbox 1495 2524 1513 2558; x_wconf 85' lang='grc' dir='ltr'><em>ὁ</em></span> <span class='ocrx_word' id='word_1_457' title='bbox 1547 2527 1648 2567; x_wconf 80' lang='grc' dir='ltr'><em>πρῶ-</em></span> 
     </span>
     <span class='ocr_line' id='line_1_85' title="bbox 1018 2573 1648 2619; baseline -0.011 -9"><span class='ocrx_word' id='word_1_458' title='bbox 1018 2591 1028 2610; x_wconf 86' lang='grc' dir='ltr'><em>ι</em></span> <span class='ocrx_word' id='word_1_459' title='bbox 1041 2590 1058 2609; x_wconf 91' lang='grc' dir='ltr'><em>ο</em></span> <span class='ocrx_word' id='word_1_460' title='bbox 1068 2589 1083 2611; x_wconf 77' lang='lat' dir='ltr'>s</span> <span class='ocrx_word' id='word_1_461' title='bbox 1104 2578 1159 2619; x_wconf 88' lang='lat'>—]</span> <span class='ocrx_word' id='word_1_462' title='bbox 1180 2577 1378 2617; x_wconf 85' lang='lat' dir='ltr'>Exscripsit</span> <span class='ocrx_word' id='word_1_463' title='bbox 1395 2576 1480 2607; x_wconf 79' lang='lat' dir='ltr'>haec</span> <span class='ocrx_word' id='word_1_464' title='bbox 1496 2573 1648 2605; x_wconf 81' lang='lat' dir='ltr'><strong>Euseb.</strong></span> 
     </span>
     <span class='ocr_line' id='line_1_86' title="bbox 1017 2617 1649 2666; baseline -0.011 -8"><span class='ocrx_word' id='word_1_465' title='bbox 1017 2626 1182 2666; x_wconf 81' lang='lat' dir='ltr'><strong>Praepar.</strong></span> <span class='ocrx_word' id='word_1_466' title='bbox 1214 2624 1347 2663; x_wconf 85' lang='lat' dir='ltr'><strong>Evang.</strong></span> <span class='ocrx_word' id='word_1_467' title='bbox 1383 2621 1429 2652; x_wconf 89' lang='lat' dir='ltr'>X.</span> <span class='ocrx_word' id='word_1_468' title='bbox 1455 2619 1487 2654; x_wconf 89' lang='lat'>4.</span> <span class='ocrx_word' id='word_1_469' title='bbox 1512 2630 1544 2661; x_wconf 89' lang='lat' dir='ltr'><strong>p·</strong></span> <span class='ocrx_word' id='word_1_470' title='bbox 1571 2617 1649 2652; x_wconf 84' lang='lat'>471</span> 
     </span>
     <span class='ocr_line' id='line_1_87' title="bbox 1019 2664 1650 2720; baseline -0.013 -17"><span class='ocrx_word' id='word_1_471' title='bbox 1019 2672 1058 2705; x_wconf 90' lang='lat' dir='ltr'>D.</span> <span class='ocrx_word' id='word_1_472' title='bbox 1094 2679 1205 2712; x_wconf 76' lang='lat' dir='ltr'>usque</span> <span class='ocrx_word' id='word_1_473' title='bbox 1240 2669 1282 2700; x_wconf 83' lang='lat' dir='ltr'>ad</span> <span class='ocrx_word' id='word_1_474' title='bbox 1327 2664 1472 2720; x_wconf 78' lang='grc' dir='ltr'><em>ἀπείρῳ</em></span> <span class='ocrx_word' id='word_1_475' title='bbox 1511 2665 1650 2698; x_wconf 88' lang='lat' dir='ltr'>omissis</span> 
     </span>
     <span class='ocr_line' id='line_1_88' title="bbox 1020 2712 1649 2756; baseline -0.015 -7"><span class='ocrx_word' id='word_1_476' title='bbox 1020 2718 1134 2749; x_wconf 77' lang='lat' dir='ltr'>verbis</span> <span class='ocrx_word' id='word_1_477' title='bbox 1170 2723 1345 2756; x_wconf 72' lang='grc' dir='ltr'><em>φανεροιις</em></span> <span class='ocrx_word' id='word_1_478' title='bbox 1380 2712 1439 2753; x_wconf 78' lang='grc' dir='ltr'>μὲι</span> <span class='ocrx_word' id='word_1_479' title='bbox 1472 2730 1512 2735; x_wconf 90' lang='grc'>-</span> <span class='ocrx_word' id='word_1_480' title='bbox 1545 2721 1649 2741; x_wconf 84' lang='grc' dir='ltr'><em>κατω-</em></span> 
     </span>
     <span class='ocr_line' id='line_1_89' title="bbox 1022 2763 1211 2803; baseline -0.021 -7"><span class='ocrx_word' id='word_1_481' title='bbox 1022 2763 1211 2803; x_wconf 56' lang='lat' dir='ltr'>›twyda-ovs.</span> 
     </span>
    </p>
   </div>
  </div>
 </body>
</html>
