1781 2971
248 117 333 159 DE
371 113 664 160 LEGIBUS.
698 113 818 156 LIB.
851 113 960 155 XII.
991 111 1039 155 P.
1073 114 1168 155 941.
1200 111 1265 156 St.

1371 112 1454 154 339

106 234 397 290 παρανόμως,
435 231 535 277 οὔτε
580 230 692 283 θεὸς
741 230 844 275 οὔτε
887 239 992 282 παῖς
1040 232 1130 275 ἐστὶ
1176 247 1281 274 ποτε
1320 231 1458 273 θεῶν.

106 304 248 344 ταῦτα
294 304 339 344 δὲ
387 303 617 360 νομοθέτῃ
666 301 841 355 μᾶλλον
889 297 1094 355 προςήκει
1135 297 1386 352 γιγνώσκειν
1429 294 1456 350 ἢ

106 376 311 421 ποιηταῖς
342 368 577 424 ξύμπασιν.
611 365 634 410 ὁ
662 370 742 421 μὲν
769 360 850 410 οὖν
879 369 1080 415 πεισθεὶς
1105 364 1227 420 ἡμῶν
1256 367 1314 418 τῷ
1343 364 1458 419 λόγῳ

104 435 273 491 εὐτυχεῖ
311 453 354 478 τε
383 438 456 479 καὶ
490 452 550 485 εις
583 433 752 490 χρόνον
787 432 972 476 ἅπαντα
1010 432 1198 488 ευτυχοῖ,
1233 431 1256 476 ὁ
1283 434 1327 474 δὲ
1353 431 1460 474 ἀπι-

105 518 271 555 στησας
305 501 354 546 τὸ
390 519 499 558 μετα
542 503 683 544 ταῦτα
735 503 887 554 τοιῶδε
935 517 1018 543 τινι
1065 501 1277 555 μαχέσθω
1316 498 1458 553 νόμῳ·

101 568 206 612 Έαν
253 573 316 620 τίς
351 587 392 612 τι
434 572 593 630 κλέπτῃ
640 567 876 623 δημόσιον,
922 573 1030 622 μέγα
1071 564 1095 619 ἢ
1142 584 1214 609 και
1262 566 1461 621 σμικρόν,

105 639 184 689 τῆς
231 636 370 688 αὐτῆς
416 640 535 689 δικης
582 639 659 679 δεῖ.

106 708 236 759 ἔρωτι
270 707 350 758 μὲν
388 703 560 758 ταύτῷ,

720 633 904 689 σμικρόν

617 703 796 758 δυνάμει
832 704 876 744 δὲ
921 700 1125 743 ἐλάττονι
1171 702 1399 757 κέκλοφεν·
1436 698 1458 742 ὅ

973 651 1015 676 τι
1061 651 1150 688 γαρ
1196 631 1219 676 ὁ
1269 636 1461 676 κλέπτων

107 788 150 813 τε
186 788 235 812 το
272 772 419 823 μεῖζον
457 772 588 812 κινῶν
625 768 677 812 οὐ
718 772 1029 822 καταθέμενος
1064 765 1172 810 ὅλον
1208 766 1362 810 ἀδικεῖ.
1395 769 1451 809 δί-
1489 769 1530 811 D

104 855 181 890 κης
217 830 297 880 οὖν
345 836 577 892 οὐδέτερον
623 835 856 892 οὐδετέρου
903 834 1146 884 ἐλάττονος
1180 839 1304 876 ἕνεκα
1342 837 1462 888 μεγέ-

104 906 223 954 θους
266 905 347 948 τοῦ
389 906 636 959 κλέμματος
671 901 692 946 ὁ
740 901 878 958 νόμος
923 901 1043 954 ἀξιοῖ
1083 903 1290 956 ζημιοῦν,

1343 899 1459 943 ἀλλὰ

200 1057 326 1090 iistis
348 1057 448 1102 δρᾷ]
479 1056 517 1091 ὅς
546 1071 573 1091 τι
600 1069 649 1101 pr.
682 1056 720 1091 Ω.
748 1062 786 1090 ut
812 1057 1006 1090 Schneider
1032 1061 1065 1091 et
1095 1058 1223 1090 Baiter.
1250 1056 1393 1089 Bastins
1412 1060 1463 1088 ta-

104 1114 182 1138 men
210 1105 253 1137 de
281 1116 321 1137 ea
349 1105 496 1138 lectione
526 1105 602 1138 nihil
629 1106 747 1138 refert.

153 1242 192 1274 C.
245 1243 312 1274 καὶ
336 1242 399 1274 εἰς
424 1240 585 1284 χρόνον
617 1239 747 1272 ἅπαν-

109 1296 154 1320 τα
190 1285 387 1330 εὐτυχοῖ]
422 1294 463 1320 et
504 1289 666 1320 utinam
709 1288 747 1319 in

107 1344 229 1367 omne
256 1340 430 1376 tempus
456 1334 537 1366 bea
554 1338 620 1365 tus
646 1334 713 1365 sit.

154 1402 312 1446 τοιῷδέ
338 1415 421 1434 τινι
451 1402 658 1443 μαχέσθω
686 1399 749 1432 νό-

107 1450 189 1492 μῳ]
248 1449 494 1492 Stephanus
536 1459 578 1481 ex
627 1448 748 1479 Fieino

108 1496 290 1535 legendum
349 1495 514 1527 coniecit:
580 1494 747 1534 κατεχέ-

110 1541 211 1572 σθω.
292 1541 440 1583 Propius
496 1539 541 1572 ad
591 1541 746 1572 codicum

108 1588 313 1628 scripturam
349 1586 483 1619 accedit
517 1586 608 1627 quod
647 1596 748 1626 prae-

107 1634 188 1665 tulit
238 1632 384 1665 Astius
425 1632 588 1674 quodque
636 1631 748 1663 Her-

109 1689 285 1711 mannus
320 1678 362 1711 de
399 1678 512 1710 Astii
550 1678 749 1710 coniectura

108 1725 234 1758 edidit:
284 1723 465 1764 ἐνεχέσθω.
535 1723 611 1755 Nisi
660 1723 751 1756 forte

108 1781 227 1804 verum
247 1775 299 1803 est
312 1769 483 1811 μαχέσθω,
510 1769 603 1810 quod
629 1768 752 1801 festive

108 1816 238 1849 dictum
266 1821 385 1858 putare
413 1817 525 1858 possis
552 1825 627 1848 cum
655 1815 752 1847 Ste-

110 1862 270 1904 phano.
325 1863 421 1903 quasi
471 1862 557 1900 iliis,
606 1861 662 1902 qui
715 1871 753 1892 ea

110 1909 349 1946 committunt,
406 1917 498 1948 quae
547 1909 623 1948 lege
674 1909 755 1938 sunt

111 1953 321 1992 coercenda,
359 1957 535 1985 certamen
564 1953 609 1984 sit
633 1953 756 1983 adver-

111 2010 169 2032 sus
217 2001 341 2041 legem.
418 1998 616 2040 Opponitur
662 2001 757 2030 certe

111 2056 180 2078 non
214 2046 330 2087 inepte
369 2041 388 2076 ὁ
423 2042 635 2085 ἀπιστήσας,
669 2043 698 2075 h.
728 2053 755 2076 e.

110 2095 365 2131 contumax,
394 2091 569 2132 quinon
597 2091 758 2122 obtem-

112 2142 258 2180 perat3
283 2147 326 2168 eo
355 2138 448 2169 enim
476 2146 581 2169 sensu
606 2133 758 2167 α’πιστεῖν

111 2183 271 2224 usurpari
325 2183 461 2221 solere,
511 2181 555 2214 ad
608 2183 757 2223 Apolog.

112 2230 251 2261 Socrat.
284 2240 316 2270 p.
349 2228 407 2262 29.
447 2228 485 2259 C.
525 2229 753 2260 ostendimus.

114 2274 302 2318 Hesych.
358 2271 564 2306 Ἀπιστεῐ·
607 2270 756 2306 ἀπειθεῖ.

114 2319 408 2352 Phnvorinusz
450 2316 684 2352 Ἀπιστεῑν·
720 2317 757 2351 τὸ

114 2362 284 2400 ἀπειθεῖν.
315 2362 406 2397 οὕτω
435 2364 587 2398 Πλάτων.
636 2367 758 2407 ltaque

114 2413 286 2454 vulgatam
332 2411 496 2444 librorum
551 2412 757 2454 scripturam

114 2463 208 2490 certe
247 2467 314 2490 non
350 2461 514 2499 protenus
558 2458 758 2490 mutandam

114 2505 336 2536 arbitramur.

162 2570 349 2614 σμικρόν
387 2584 421 2604 τι
468 2569 544 2614 γὰρ
596 2567 614 2602 ὁ
668 2571 756 2602 κλέ-

117 2629 227 2650 πτων
253 2617 316 2660 -—]
347 2618 456 2651 Unius
488 2617 564 2649 libri
605 2617 678 2648 Vat.
719 2615 757 2648 Ω.

115 2674 204 2697 corr.
231 2664 440 2697 auctoritate
459 2663 670 2695 Turicenses
698 2673 760 2695 nu-

118 2720 180 2752 per
207 2710 410 2750 ediderun13
458 2705 605 2750 σμικρόν
640 2719 672 2739 τε
697 2706 761 2750 γὰρ

797 1105 874 1138 Qua
903 1109 999 1136 certe
1025 1114 1088 1136 nec
1114 1114 1200 1146 opus
1226 1110 1290 1135 est.

818 1237 837 1271 ὁ
864 1241 910 1272 ui..
962 1239 1033 1274 Sed
1060 1241 1124 1272 etsi
1151 1239 1366 1273 diffitendum
1393 1250 1461 1272 non

818 1291 870 1319 est
890 1287 1012 1318 crebro
1039 1287 1087 1319 sic
1112 1297 1144 1317 τε
1171 1305 1211 1310 -
1240 1298 1273 1318 τε
1291 1287 1463 1328 usurpari,

818 1333 916 1364 cuius
946 1333 993 1364 rei
1026 1334 1184 1374 exempla
1223 1333 1311 1366 bene
1355 1334 1463 1364 muita

817 1378 896 1410 aiibi
923 1388 964 1410 ex
991 1388 1055 1410 una
1081 1378 1323 1420 Xenophontis
1351 1379 1463 1420 Cyro-

817 1423 940 1465 paedia
988 1426 1135 1456 coiiecta
1184 1424 1361 1464 dedimus3
1410 1430 1463 1456 ta-

817 1479 894 1501 men
927 1480 1033 1511 quum
1070 1470 1194 1502 deinde
1228 1470 1394 1503 inseratur
1420 1469 1462 1502 τὸ

817 1517 948 1557 μεῖζον,
990 1515 1041 1547 hic
1083 1526 1237 1558 quoque
1258 1515 1397 1558 σμικρόν
1435 1528 1467 1547 τι

817 1561 1005 1594 tenendum
1025 1571 1221 1594 censemus,
1271 1563 1466 1595 Dictionem

818 1607 1091 1650 proverbialem.
1119 1605 1162 1649 μὴ
1191 1612 1291 1639 κινεῖν
1319 1605 1339 1639 ὅ
1364 1620 1392 1639 τι
1423 1606 1467 1650 μὴ

820 1652 983 1691 κατέθου,
1001 1654 1178 1694 attigimus
1191 1653 1233 1687 ad
1253 1654 1281 1686 L
1286 1654 1346 1685 ibr.
1362 1654 1467 1686 VIiI.

819 1711 852 1742 p.
880 1698 960 1733 844.
989 1699 1029 1731 E.
1056 1699 1121 1732 XI.
1150 1711 1180 1742 p.
1212 1700 1293 1734 913.
1321 1700 1360 1732 C.

878 1791 919 1823 D.
975 1789 1101 1831 δίκης
1156 1786 1238 1823 οὖν
1292 1787 1466 1823 οὐδέτε-

825 1848 903 1879 ρον
929 1837 999 1879 -]
1049 1837 1168 1870 Verba
1200 1837 1288 1870 hunc
1321 1838 1353 1869 in
1395 1848 1468 1869 mo—

824 1883 903 1914 dum
950 1883 1139 1923 iungenda:
1191 1882 1209 1915 ὁ
1249 1882 1358 1922 νόμος
1404 1879 1471 1915 οὖν

822 1929 920 1969 α’ξιοΐ
950 1927 1134 1970 οὐδέτερον
1166 1927 1260 1970 δίκης
1291 1927 1470 1961 ἐλάττονος

827 1974 1024 2014 (minore
1084 1984 1224 2014 poena
1280 1974 1464 2016 dignum

828 2021 1000 2060 censet)
1028 2016 1215 2063 οὐδετέρου
1241 2021 1380 2061 (quam
1410 2022 1470 2052 ai·

827 2067 993 2104 terum)
1057 2065 1154 2097 ἕνεκα
1198 2066 1259 2098 τοῦ
1296 2065 1472 2108 μεγέθους

828 2112 889 2143 τοῦ
925 2112 1128 2151 κλέμματος;
1161 2112 1287 2154 quibus
1320 2112 1472 2154 denique

827 2157 1044 2190 extrinsecus
1094 2158 1232 2190 accedit
1280 2158 1472 2190 infinitivus

825 2203 1014 2246 §qutofimh
1031 2214 1059 2238 e.
1071 2202 1155 2236 ὥστε
1171 2205 1316 2246 ζημιοῦν
1332 2202 1471 2240 αὐτούς.

824 2250 1007 2282 Rationem
1033 2254 1238 2287 structurae,
1258 2260 1348 2292 quae
1369 2251 1470 2282 etiarn

827 2306 909 2329 mox
934 2307 967 2338 p.
992 2295 1071 2330 944.
1105 2297 1145 2328 Ι).
1171 2299 1337 2335 recurrit,
1361 2306 1469 2338 expe-

827 2342 976 2374 divimus
1003 2342 1046 2373 ad
1090 2342 1199 2383 Gorg.
1251 2353 1281 2384 p.
1309 2341 1391 2375 513.
1430 2341 1470 2373 Ε.

830 2387 976 2420 Phaedr.
1012 2399 1043 2428 ρ.
1076 2387 1155 2421 242.
1191 2387 1232 2419 Β.
1272 2387 1409 2421 Criton.
1437 2398 1470 2428 p.

826 2433 882 2468 52.
922 2433 960 2466 B.
1005 2433 1194 2475 Remp.1.
1233 2443 1265 2474 p
1307 2432 1387 2468 342
1433 2434 1473 2465 D.

825 2478 1474 2523 Legg.111.p.700.C.v11.p.

825 2525 905 2559 790.
939 2525 978 2557 D.
1010 2525 1054 2556 ai.
1091 2543 1135 2548 —
1171 2522 1270 2557 ἀλλὰ
1317 2526 1369 2568 τῷ
1395 2524 1472 2556 τὸν

828 2570 898 2610 μὲν
932 2590 962 2593 -
995 2566 1198 2608 ἀνίατοι,
1246 2570 1322 2604 sed
1366 2570 1474 2611 ideo,

829 2617 931 2659 quia
956 2617 1071 2648 aiter
1104 2618 1304 2651 fortasse
1339 2616 1475 2649 adhuc

831 2663 889 2695 sit
924 2662 1163 2703 sanabilis,
1203 2664 1318 2695 aiter
1357 2664 1474 2695 insa-

831 2708 1016 2741 nabilis.

1102 2763 1206 2804 22*
