1781 2971
293 112 371 153 DE
408 111 682 154 LEGIBUS
718 112 834 154 [AB.
869 112 925 153 X.
962 113 1008 154 P.
1042 114 1135 155 590.
1171 112 1233 155 St.
1366 117 1440 157 151

91 235 212 280 οἴους
248 234 384 287 φησιν
422 228 446 273 ὁ
480 229 616 286 νόμος
637 244 726 262 —-·
747 234 821 273 καὶ
858 232 954 286 περὶ
978 232 1126 274 καλῶν
1149 234 1223 273 καὶ
1261 232 1441 274 δικαίων

90 299 163 340 καὶ
199 299 295 353 περὶ
332 295 545 340 ἁπάντων
583 299 670 339 τῶν
703 300 917 353 μεγίστων
955 296 978 341 ὁ
1016 297 1155 348 αὐτὸς
1177 296 1321 352 λόγος,
1353 296 1437 341 ὅσα

91 381 136 407 τε
173 362 285 418 πρὸς
321 362 487 420 ἀρετὴν
525 368 649 407 τείνει
678 367 750 408 καὶ
773 368 944 415 κακίαν,
981 363 1039 416 ὠς
1074 368 1139 409 δεῖ
1159 367 1300 408 ταῦτα
1323 362 1439 408 οὕτω

92 430 303 487 πράττειν
365 436 729 490 διανοουμένους,
785 430 957 492 ὅπῃπερ
1001 430 1060 475 ὁὲν
1107 431 1132 475 ὸ
1189 435 1441 487 νομοθέτης

90 497 374 557 ὑφηγήσηται
407 498 618 557 γράφων·
656 497 706 549 ὃς
741 499 781 542 δ’
824 497 882 541 ἂν
917 500 978 553 μὴ
1010 504 1253 554 παρέχηται
1279 498 1440 543 ἑαυτὸν

92 573 184 615 τοῖς
221 565 372 618 νόμοις
407 565 623 617 εὐπειθῆ,
662 564 737 608 τὸν
771 567 851 620 μὲν
889 568 978 607 δεῖν
1015 566 1251 616 τεθνάναι,
1288 565 1367 610 τὸν
1397 570 1441 609 δέ

93 649 192 674 τινα
227 635 415 686 πληγαῖς
449 638 521 675 και
556 635 753 687 δεσμοῖς,
799 633 878 675 τὸν
921 634 966 673 δὲ
1013 631 1232 686 ἀτιμίαις,
1276 631 1440 683 ἄλλους

92 702 137 742 δὲ
172 703 344 748 πενίαις
378 698 650 751 κολάζεσθαι
694 701 767 741 καὶ
813 707 1002 756 φυγαῖς·
1053 698 1198 741 πειθώ
1249 702 1294 741 δὲ
1347 707 1438 749 τοῖς

89 764 371 820 ἀνθρώποις,
406 763 501 819 ἅμα
539 767 727 807 τιθέντα
763 764 921 816 αὐτοῖς
961 763 1063 816 τοὺς
1098 767 1273 820 νόμους,
1307 769 1438 821 μηδε-

88 836 196 887 μίαν
233 836 342 887 ἔχειν
386 841 479 882 τοῖς
515 831 664 887 λόγοις
709 832 1028 887 προςοὶπτοντα
1072 850 1132 883 εις
1168 831 1358 887 δύναμιν
1391 832 1438 885 ἡ-

89 901 280 956 μεροῦν·
269 932 279 949 ,

192 967 295 1008 ΚΛ.
367 968 617 1021 ΝΙηὸάμῶς,

91 1026 202 1076 οὖσα
246 1036 318 1075 καὶ
365 1032 526 1088 σμικρὰ
581 1034 726 1076 πειθώ
776 1050 840 1083 τις
890 1036 986 1086 περὶ
1025 1032 1078 1074 τά
1121 1036 1330 1084 τοιαῦτα,

655 959 687 1008 ὦ
725 966 826 1017 ξενε,

867 964 960 1008 ἀλλ’
1002 967 1120 1020 εἴπερ
1158 983 1359 1022 τυγχανει
1396 984 1441 1020 γε

1381 1037 1443 1078 δεῖ

89 1101 267 1160 μηδαμῇ
312 1099 496 1156 κάμνειν
538 1100 614 1143 τόν
661 1118 707 1155 γε
743 1099 869 1152 ἄξιον
913 1106 983 1144 καὶ
1022 1104 1206 1156 σμικροῦ
1245 1104 1443 1156 νομοθέ-

91 1184 193 1220 την,
237 1166 353 1209 ἀλλὰ
405 1170 576 1217 πᾶσαν,
627 1167 676 1211 τὸ
722 1166 980 1222 λεγόμενον,

1030 1166 1187 1225 φωνὴν
1223 1172 1342 1211 ἱέντα
1381 1170 1441 1223 τῷ

186 1321 266 1354 ὅσα
304 1334 344 1354 re
378 1321 486 1365 πρὸς
519 1320 592 1364 τήν
627 1318 712 1363 ἀμ]
743 1321 779 1353 δὲ
804 1324 849 1354 A.
880 1321 918 1354 Ω.
946 1324 986 1357 Ξ.
1013 1334 1044 1355 v.
1071 1323 1096 1355 f.
1124 1324 1159 1355 h.
1184 1332 1211 1354 r.
1236 1332 1267 1354 a.
1296 1334 1324 1356 c.
1351 1322 1379 1354 δ.
1411 1335 1441 1355 0.

91 1380 168 1401 cum
194 1370 274 1401 Ald.
301 1369 402 1401 Bass.
430 1369 460 1403 1.
488 1369 518 1402 ²2.
545 1369 635 1400 Lov.
663 1368 828 1400 Schneid.
862 1369 968 1401 Recte
995 1368 1163 1411 Stephan.

1214 1368 1305 1401 Nam
1339 1367 1375 1400 δὲ
1399 1380 1443 1401 ne

91 1417 141 1448 ita
170 1416 308 1457 quidem
342 1416 381 1447 fit
413 1416 606 1455 tolerabile,
633 1415 663 1446 si
689 1425 765 1446 cum
791 1414 1009 1448 Schneidero
1035 1421 1114 1457 post
1140 1412 1246 1454 νόμος
1271 1421 1443 1449 commate

91 1466 125 1494 et
149 1468 228 1504 post
253 1459 357 1503 λόγος
382 1463 460 1493 colo
486 1462 696 1502 distinguas,
723 1461 814 1493 conf.
841 1461 934 1494 infra
960 1464 1142 1503 interpret.

79 1609 201 1640 oquae
237 1608 393 1630 revera
431 1599 471 1629 in
509 1608 557 1629 eo
593 1598 730 1629 cerni-

91 1650 162 1676 tur
189 1645 400 1686 (seeundum
424 1644 564 1675 illorum
591 1649 731 1675 senten-

91 1691 208 1732 tiam),
240 1696 285 1722 ut·
318 1691 482 1723 ceteris
516 1691 636 1722 vivas
669 1700 731 1721 su-

92 1737 245 1780 perior
265 1746 402 1779 neque
427 1737 534 1768 aliis
554 1737 732 1768 servias

92 1784 332 1816 secundum
366 1784 517 1824 legem.
573 1783 628 1815 De
653 1784 733 1824 ipsa

92 1830 269 1862 sententia
298 1830 460 1861 conferas
490 1830 586 1862 locos
612 1829 731 1861 Plato-

94 1876 169 1916 nis,
210 1886 299 1917 quos
335 1876 452 1917 paullo
487 1880 568 1907 ante
601 1876 732 1908 indica-

94 1923 216 1954 vimus.

161 1967 204 1998 Β.
280 1963 300 2008 ἦ
354 1964 490 2005 μόνον
544 1962 735 1997 ἀπειλεῖν

95 2011 249 2045 στάντα
275 2012 333 2052 -]
361 2011 569 2044 Germanice
583 2013 734 2044 dixeris:

95 2061 202 2092 oder
234 2059 396 2090 meinst
428 2059 499 2098 du,
532 2069 574 2091 er
604 2058 735 2090 dfirfe

94 2116 173 2139 nur
198 2105 418 2137 dastehen
453 2105 540 2136 und
569 2105 735 2136 drohen

95 2157 156 2184 etr.
182 2161 250 2192 quo
275 2151 515 2192 significatur,
540 2161 619 2183 eum
645 2156 734 2183 cete-

95 2199 222 2239 roquin
247 2199 399 2229 otiosum
426 2202 460 2228 et
486 2198 641 2237 quietum
663 2208 734 2229 ma-

98 2254 178 2282 nere
193 2253 309 2285 posse.
341 2243 434 2275 Dein
453 2248 535 2284 post
550 2244 650 2275 οἵους
671 2254 735 2285 φη-

98 2291 151 2321 σίν
178 2285 196 2320 ὁ
228 2287 335 2328 νόμος
362 2290 527 2321 lineolam
552 2291 736 2331 posuimus

97 2336 318 2377 aposiopesis
343 2336 504 2368 indicem.
553 2336 734 2368 Reticetur

96 2383 189 2414 enim
213 2382 392 2422 apodosis,
416 2387 455 2413 ut
478 2383 512 2413 in
537 2383 734 2415 minitando

97 2429 172 2461 fieri
203 2428 347 2460 assolet.
407 2426 500 2466 Quid
530 2434 646 2461 autem
679 2430 738 2469 sit,

97 2474 200 2527 quod
218 2474 426 2513 reticeatur,
450 2476 674 2516 perspicuum
697 2476 737 2507 fit

98 2531 140 2553 ex
178 2520 240 2560 iis,
282 2529 371 2560 quae
407 2530 490 2551 mox
529 2526 736 2563 sequuntur,

100 2564 160 2598 τὸν
189 2564 250 2604 μὲν
283 2564 353 2597 δεῖν
386 2563 547 2598 τεθνάναι
587 2579 616 2598 κ.
650 2579 675 2599 τ.
707 2568 734 2598 λ.

98 2613 302 2651 Fanumur,
342 2613 400 2654 qni
433 2611 491 2644 hic
524 2624 662 2656 quoque
692 2615 737 2646 de

97 2658 310 2692 anacolutho
335 2659 590 2699 cogitaverunt.

156 2705 221 2735 καὶ
262 2705 358 2745 περὶ
396 2705 533 2736 καλῶν
578 2707 643 2737 καὶ
684 2705 736 2738 δι-

803 1609 930 1628 καιων
958 1598 1019 1638 ——]
1060 1598 1104 1629 H.
1132 1610 1161 1631 e.
1194 1601 1248 1631 καὶ
1275 1595 1340 1640 ἆρα
1368 1602 1443 1640 περὶ

803 1655 830 1675 κ.
864 1660 900 1665 ——
928 1643 1023 1675 Dein
1049 1641 1115 1675 ὅσα
1145 1646 1214 1676 tsi.
1237 1657 1268 1687 q.
1295 1647 1349 1677 καὶ
1369 1647 1444 1688 περὶ

803 1701 868 1721 twv
914 1699 982 1720 Οσα
1026 1699 1115 1730 πρθέ
1159 1702 1283 1732 apslrv
1334 1703 1443 1726 ἴὸἰνόι,

801 1735 880 1774 Quo
925 1736 1085 1777 neglecto
1134 1738 1237 1772 codd.
1284 1739 1445 1781 plerique

801 1792 923 1814 omnes
950 1780 986 1812 δέ
1011 1792 1075 1823 pro
1103 1793 1145 1814 τε.

848 1828 887 1859 C.
928 1826 1070 1860 πειθώ
1097 1827 1139 1860 δὲ
1166 1832 1255 1861 τοῖς
1278 1825 1442 1870 ἀνθρώ-

804 1874 927 1915 ποις]
966 1874 1238 1920 Intelligendum
1274 1886 1317 1907 ex
1342 1886 1445 1917 supe-

803 1921 940 1952 riobus:
966 1915 1019 1962 ἆρ’
1046 1922 1110 1952 οἴει
1134 1922 1268 1963 χρῆιαι.
1303 1922 1445 1954 Etenim

804 1967 949 2007 obliqua
982 1969 1096 2000 oratio
1131 1968 1247 2000 denuo
1284 1968 1446 2006 infertur,

804 2013 942 2044 etiamsi
958 2013 1206 2055 interpositum
1222 2014 1368 2054 legitur:
1390 2015 1444 2046 καὶ

804 2059 879 2099 περὶ
912 2060 1024 2090 καλῶν
1057 2078 1093 2084 —-
1135 2056 1154 2091 ὁ
1185 2056 1292 2092 αὐτὸς
1329 2058 1445 2101 λόγος,

804 2115 894 2146 quae
914 2111 1011 2138 recta
1024 2107 1187 2138 oratione
1204 2107 1444 2148 proferuntur.

804 2151 961 2183 Eandem
981 2153 1165 2193 utriusque
1181 2154 1354 2185 orationis
1367 2163 1445 2193 per-

804 2198 1034 2230 mutationem
1068 2200 1266 2231 notavimus
1301 2199 1446 2231 Lachet.

804 2254 835 2285 p.
858 2243 934 2278 186.
959 2244 1000 2276 B.
1029 2244 1106 2279 198.
1132 2245 1172 2276 Β.
1202 2246 1370 2278 Aleibiad.
1397 2245 1446 2279 11.

806 2301 836 2331 p.
863 2290 940 2323 142.
965 2291 1007 2322 Β.
1040 2291 1111 2325 147.
1139 2291 1180 2324 Ε.
1207 2293 1252 2324 al.
1284 2292 1369 2324 Mox
1396 2290 1446 2322 εἰς

804 2334 949 2375 δύναμιν
982 2333 1134 2378 ἡμεροῦν
1159 2338 1180 2368 i.
1215 2349 1246 2379 q.
1282 2335 1366 2369 ὤςιε
1395 2337 1445 2368 εἰς

803 2380 948 2421 δύναμιν
974 2379 1137 2424 ἡμεροῦν.

852 2429 896 2462 Ι).
944 2425 1044 2460 ἀλλὰ
1072 2429 1276 2460 πᾶσαν-
1297 2426 1443 2470 φωνήν

804 2474 937 2516 ἱέντα]
964 2475 1228 2508 Proverbialem
1253 2476 1444 2508 dictionem

803 2522 984 2553 illustrant
1017 2523 1130 2563 intpp.
1160 2522 1205 2558 ad
1231 2522 1442 2563 Euthydem.

805 2579 837 2609 p.
870 2567 950 2602 293.
988 2570 1024 2598 Α.
1058 2568 1358 2609 Wyttenbach.
1399 2567 1445 2599 ad

804 2614 942 2656 Ennap.
964 2625 995 2656 p.
1017 2614 1089 2648 198.
1114 2615 1209 2647 Dein
1224 2613 1443 2646 Winckel·

806 2671 987 2692 mannus
1022 2658 1115 2703 νόμῳ
1147 2661 1333 2693 delendum
1365 2670 1441 2692 cen-

807 2714 876 2746 sen
910 2707 1007 2748 qnod
1039 2712 1160 2740 contra
1193 2706 1222 2740 O
1240 2718 1254 2739 ι·
1271 2718 1289 2739 e
1307 2708 1315 2739 1
1333 2708 1341 2738 Ι
1361 2708 1368 2738 i
1387 2717 1406 2737 ιι
1429 2717 1442 2735 s

1473 977 1516 1019 D
