1781 2971
182 135 266 178 DE
298 134 571 178 LEGIBUS
604 135 721 177 LIB.
754 135 839 177 XI.
874 136 922 177 P.
956 136 1050 179 919.
1085 136 1180 177 9⁵20.
1213 135 1277 177 St..
1341 137 1420 177 ⁶269

67 254 164 297 ἴσου
199 254 356 307 ἑαυτῷ,
393 254 508 305 πλην
543 256 676 309 πατρὶ
715 256 785 295 καὶ
822 256 953 307 μητρὶ
984 255 1057 296 καὶ
1095 261 1186 304 τοῖς
1228 257 1287 297 ἔτι.
1324 253 1421 296 τού-

67 337 153 363 των
190 325 248 370 εὶς
285 318 334 362 τὸ
373 319 465 362 ἅνω
503 326 641 373 γένεσι
677 338 750 362 και
789 322 895 362 πᾶσι
933 328 1023 371 τοῖς
1059 319 1202 364 αὑτοῦ
1239 322 1425 376 πρεσβυ-

67 399 220 443 τέροις,
253 386 353 430 ὅσοι
384 387 617 443 ἐλεύθεροι
662 390 917 442 ἐλευθέρως,
956 387 1006 430 το
1046 386 1083 430 δ’
1139 386 1424 442 ἐλευθερικὸν

67 458 139 498 καὶ
170 454 474 509 ἀνελεύθερον
510 455 702 509 ἀκριβῶς
735 457 814 508 μὲν
853 453 904 496 οὐ
943 453 1102 510 ῥᾴδιον
1139 459 1424 506 νομοθετεῖν,

66 524 287 576 κρινέσθω
324 538 370 573 γε
404 520 493 576 μὴν
520 520 606 565 ὑπὸ
647 523 734 564 τῶν
760 520 814 563 τὰ
851 521 1052 574 ἀριστεῖα
1090 522 1334 578 εἰληφότων
1362 523 1422 576 τῷ

66 592 238 631 ἐκείνων
256 592 370 642 μίσει
403 605 448 631 τε
471 592 545 631 καὶ
564 589 800 642 ἀσπασμῷ.
836 585 884 637 ὃς
919 588 956 629 δ’
1000 586 1058 629 ἂν
1085 592 1324 640 καπηλείας
1346 591 1424 640 τῆς

66 655 364 710 ἀνελευθέρου
396 660 521 716 τέχνῃ
544 659 627 698 τινὶ
649 655 856 713 μετάσχῃ,
892 657 1136 711 γραφέσθω
1165 657 1244 706 μὲν
1280 654 1422 698 αι’-τὸν

66 728 218 775 γένους
241 721 446 777 αἰσχύνης
465 722 486 765 ὁ
510 722 781 775 βουλόμενος
804 720 914 774 πρὸς
935 719 1039 770 τοὺς
1059 721 1194 780 ἀρετῇ
1218 723 1420 776 πρώτους

66 793 360 844 κεκριμένους,
396 787 475 831 ἐὰν
511 792 556 831 δὲ
580 788 684 849 δόξῃ
721 787 889 841 ἀναξίῳ
922 787 1238 842 ἐπιτηδεύματι
1255 789 1421 847 καταρ-

65 854 297 912 ρυπαίνειν
317 854 400 906 τὴν
424 854 565 899 αὑτοῦ
586 855 803 911 πατρῴαν
828 858 991 906 ἑστίαν,
1031 858 1181 906 δεθεὶς
1213 857 1420 900 ἐνιαυτὸν

65 922 336 978 ἀποσχέσθω
373 925 452 965 τοῦ
498 923 731 972 τοιούτου,
775 925 848 964 καὶ
888 922 965 965 ἐὰν
1001 916 1162 973 αὖθις,
1212 927 1287 975 ἔτη
1323 922 1416 975 δύο,

66 992 139 1033 καὶ
174 988 244 1048 ἐφ’
284 989 472 1042 ἑκάστης
507 989 710 1040 ἁλώσεως
747 988 851 1040 τοὺς
887 989 1071 1045 δεσμοὺς
1105 989 1164 1045 μὴ
1203 994 1417 1034 παυέσθω

65 1055 362 1109 διπλασιάζων
409 1057 487 1100 τὸν
543 1059 803 1112 ἔμπροσθεν
850 1055 1032 1113 χρόνον.
1089 1056 1291 1114 δεύτερος
1332 1058 1421 1112 μην

66 1123 224 1179 νόμος·
269 1129 474 1177 μέτοικον
519 1125 631 1168 εἶναι
674 1123 815 1180 χρεών
850 1122 876 1176 ἢ
913 1125 1059 1176 ξένον,
1103 1122 1152 1175 ὃς
1187 1123 1246 1168 ἂν
1288 1129 1419 1186 μέλλῃ

64 1189 370 1243 καπηλεύσειν.
410 1190 458 1234 τὸ
498 1194 542 1235 δὲ
578 1197 730 1248 τρίτον
766 1194 836 1234 καὶ
875 1197 1044 1248 τρίτος·
1081 1190 1202 1242 ὅπως
1236 1191 1295 1242 ὡς
1320 1191 1417 1249 ἄρι·

157 1317 234 1355 οὓς
268 1318 284 1351 ὁ
319 1322 427 1358 θεός
450 1321 627 1365 οἱνορθ.]
655 1323 712 1354 Sic
742 1325 779 1355 A.
808 1333 840 1354 x.
873 1328 907 1355 et
934 1333 982 1365 pr.
1009 1323 1056 1357 Ω.
1085 1333 1147 1364 pro
1174 1323 1264 1364 vulg.
1291 1318 1351 1359 οὓς
1375 1322 1419 1352 ἄν

65 1384 108 1390 -
132 1365 318 1408 κατοικίζῃ,

155 1424 209 1453 μη
222 1412 250 1442 δ’
281 1412 490 1455 ἔμπορος]
518 1413 629 1447 Libri:
656 1413 739 1456 μηδ’
768 1414 928 1456 ἔμπορος.
963 1414 1030 1446 Pro
1056 1425 1123 1456 quo
1149 1412 1234 1456 μήτ’
1262 1415 1312 1455 ἕμ.
1340 1425 1417 1446 cor-

65 1458 154 1490 rexit
182 1458 371 1490 Bekkerus.
424 1459 583 1492 Veterem
622 1462 803 1493 lectionem
840 1461 915 1492 iure
950 1460 1111 1493 Schneid.
1146 1462 1304 1492 servavit.
1354 1462 1420 1492 Est

65 1505 171 1535 enim:
205 1514 344 1545 neque
377 1515 514 1547 caupo
542 1524 586 1530 -
613 1512 652 1539 et
685 1517 733 1539 ne
769 1510 994 1539 mercator
1019 1507 1199 1547 quidem.
1251 1506 1311 1538 Sic
1338 1512 1419 1547 post

64 1550 145 1582 οὔτε
179 1550 324 1582 subinde
358 1549 437 1582 οὐδὲ
469 1552 634 1593 infertur,
668 1553 711 1585 de
745 1562 812 1592 quo
847 1563 909 1584 usu
943 1563 984 1587 V..
1012 1553 1054 1584 ed
1087 1553 1192 1594 Apol.
1226 1564 1258 1595 p.
1292 1550 1347 1588 19.
1376 1553 1403 1585 Β

66 1596 214 1628 Theaet.
243 1607 275 1638 p.
307 1595 385 1631 182.
412 1597 454 1629 E.
483 1597 583 1640 Reip.
610 1599 653 1631 X.
682 1609 713 1641 p.
742 1598 821 1633 608.
851 1599 888 1630 Β.

1112 1720 1170 1754 Sic
1201 1720 1246 1758 εἰς
1277 1719 1316 1752 τό
1345 1719 1414 1753 ἅνω

65 1729 114 1751 ne
139 1720 307 1753 invitus
335 1721 520 1774 qnidem.
543 1740 584 1746 —
611 1721 703 1765 μηδ

1230 1764 1290 1798 ὅτι
1324 1766 1361 1799 δὲ
1393 1766 1410 1799 ὁ

64 1778 223 1805 ηνωνα
242 1779 347 1798 usur
367 1769 390 1798 i.
407 1778 435 1800 e.
452 1777 494 1799 ne
512 1769 613 1801 ullam
629 1769 705 1809 qni-

773 1723 1053 1764 superiores.

773 1769 922 1801 Theaet.
959 1779 992 1810 p.
1026 1768 1104 1802 175.
1138 1770 1190 1800 A:

66 1811 155 1843 dem.
182 1821 214 1847 v
243 1812 459 1845 Matthiae
485 1815 547 1849 Gr.
575 1815 604 1856 ξ.
625 1815 704 1850 483.

65 1861 153 1889 extr.
174 1875 207 1879 -
265 1859 407 1890 Datiuis
435 1859 588 1896 ἰδιώταις
615 1875 644 1893 κ.
671 1874 704 1893 τ.

65 1902 92 1934 λ..
123 1913 164 1935 ex
190 1902 367 1935 διακονίαν
393 1906 542 1946 pendet,
569 1908 612 1939 de
638 1917 706 1946 qna.

65 1951 324 1982 constructione
350 1961 378 1983 v.
407 1950 514 1993 Legg.
534 1953 561 1986 Ι,
578 1963 608 1993 ρ.
627 1952 705 1986 638.

65 1994 105 2026 C.
147 1993 271 2031 αὐτοῖς
311 1997 437 2027 ἑαυτῶν
484 1998 705 2038 διακονήσεις.

66 2041 116 2072 De
141 2040 230 2081 Rep.
259 2041 316 2073 VI.
345 2053 375 2083 p.
402 2042 481 2077 493.
509 2044 553 2076 D.
589 2045 706 2075 διακο-

63 2087 118 2116 νία
136 2085 245 2121 πόλει.
278 2088 391 2120 parm.
410 2099 442 2129 p.
461 2090 540 2124 128.
558 2089 597 2122 C.
622 2088 706 2130 βοή·

66 2133 149 2163 &em
174 2135 220 2175 τῷ
248 2133 353 2176 λόγῳ.
380 2135 496 2167 Alcib.
527 2137 551 2168 l.
577 2147 608 2178 ρ.
626 2136 704 2170 116.

67 2180 106 2210 Α.
133 2181 205 2212 τοῖς
238 2179 350 2220 φίλοις
373 2179 540 2221 βοήθεια.
575 2183 705 2223 Cratyl.

67 2234 99 2265 p.
125 2223 204 2258 437.
221 2225 259 2256 C.
286 2224 486 2258 ἀκολουθία
513 2231 587 2266 τοῖς
611 2226 704 2270 προί-

64 2282 181 2312 γμασι.
209 2271 254 2302 al.

112 2315 152 2349 E.
200 2317 260 2352 εἰς
287 2315 331 2348 τό
359 2317 443 2350 ἄνω
466 2318 628 2361 γένεσι]
656 2319 702 2350 Η.

65 2372 96 2394 e.
129 2363 226 2402 γένει.
286 2362 357 2394 Sed
390 2365 532 2405 pluralis
569 2365 705 2398 videtur

65 2408 200 2449 positus
226 2407 318 2448 ideo,
345 2411 421 2450 quia
449 2413 565 2452 plures
591 2411 702 2443 homi-

64 2462 125 2485 nes
141 2453 374 2494 significantur
390 2459 514 2488 aetatis
537 2457 706 2489 diversae.

67 2499 136 2531 Pro
168 2500 213 2535 εἰς
246 2498 284 2531 τὸ
321 2500 390 2531 ἄνω
426 2503 574 2534 Astius
613 2503 704 2544 quod

65 2545 210 2585 putabat
248 2545 467 2579 scribendum
501 2559 581 2581 esse
621 2549 706 2590 ἅιω,

65 2590 184 2622 addito
205 2593 322 2632 γένοις
355 2602 416 2633 pro
442 2596 567 2634 γένεσι,
603 2595 704 2627 intel-

67 2635 220 2677 liguntur
254 2637 288 2668 οἱ
322 2638 374 2669 ἔτι
406 2635 543 2671 τούτων
575 2640 625 2676 εἰς
659 2639 700 2672 τὸ

64 2681 132 2714 ἅνω
165 2683 290 2724 γένεσι,
325 2683 396 2724 qui
434 2689 627 2726 parente
662 2690 705 2718 et

66 2732 200 2761 matre
239 2733 340 2761 sunt
369 2739 531 2772 genere
565 2730 704 2765 adhuc

768 1823 1034 1869 Ἀμφιτρύωνος
1062 1822 1122 1867 εἰς
1157 1813 1208 1860 τὸ
1237 1824 1317 1856 ἅνω
1338 1835 1413 1856 πεν-

773 1880 1028 1919 τεκαιεικοστός
1058 1880 1221 1917 τοιοῦτος
1254 1876 1294 1921 ἤν
1325 1893 1353 1913 κ.
1381 1894 1411 1915 τ.

776 1930 806 1961 λ.
836 1938 903 1969 qno
936 1938 1002 1959 uno
1036 1928 1115 1959 loco
1147 1928 1233 1959 satis
1263 1928 1417 1959 firmatur

775 1975 936 2015 vulgatae
965 1974 1157 2014 scripturae
1182 1973 1384 2005 auctoritas.

819 2022 944 2062 τέχνῃ
983 2018 1071 2050 τινὶ
1106 2017 1332 2063 μετάσχῃ]
1366 2019 1412 2051 H.

775 2076 805 2099 e.
839 2067 876 2097 si
910 2065 1006 2106 quis
1049 2065 1280 2097 illiberale
1317 2075 1412 2098 cau·

774 2110 965 2154 ponandi
993 2111 1219 2152 negotium
1248 2115 1412 2144 tracta-

775 2168 818 2190 re
861 2158 950 2190 ullo
1006 2162 1142 2198 pacto
1191 2158 1411 2198 voluerit,

776 2213 865 2237 eum
893 2207 1108 2236 accusato
1131 2203 1322 2237 familiae
1343 2203 1411 2236 de-

775 2249 1043 2282 honestatae
1069 2250 1139 2290 qui
1166 2250 1302 2282 volet.

820 2318 862 2351 P.
897 2318 975 2352 920.
1040 2316 1114 2349 τᾶν
1164 2317 1417 2361 ἔμπροσθεν

771 2363 953 2407 χρόνον]
989 2364 1122 2396 ratione
1153 2364 1271 2397 habita
1314 2374 1418 2406 snpe-

774 2410 875 2442 rioris
915 2409 1097 2451 temporis,
1151 2420 1213 2451 per
1251 2409 1343 2452 quod
1382 2410 1415 2442 in

775 2456 908 2488 vincula
951 2455 1125 2487 coniectus
1166 2456 1281 2489 fuerit.
1323 2455 1414 2488 Ste-

773 2501 944 2544 phanus
984 2505 1020 2533 et
1058 2501 1213 2533 Astius
1259 2502 1416 2535 scribunt

771 2551 837 2580 τοῦ
860 2548 1061 2589 ἔμπροσθεν
1082 2545 1227 2589 χρόνου,
1252 2558 1321 2590 qua
1339 2558 1412 2580 mu-

773 2595 905 2626 tatione
931 2603 997 2625 non
1025 2603 1123 2634 opus.

818 2638 866 2672 τὸ
896 2638 938 2670 δὲ
964 2639 1117 2683 τρίτον
1143 2638 1212 2670 καὶ
1244 2640 1411 2682 τρίτος·

772 2683 887 2721 ὅπως
926 2684 977 2720 ὥς
1013 2685 1082 2726 -]
1123 2685 1298 2718 tertium
1342 2695 1410 2717 au-

772 2735 856 2765 tem
890 2735 1018 2774 atque
1044 2731 1182 2764 tertia
1207 2732 1279 2764 lex
1315 2736 1410 2765 esto

1469 327 1506 367 E

1450 932 1533 973 920
