1781 2971
228 142 311 184 DE
346 141 625 185 LEGIBUS
658 142 777 184 LIB.
810 141 894 184 XI.
926 142 978 185 P.
1009 143 1103 184 935.
1137 142 1202 186 St.
1323 144 1404 187 321

51 261 182 318 γμένῃ
233 260 376 315 ζημίᾳ.
429 262 607 316 λέγομεν
653 258 705 313 δὴ
752 258 806 303 τοὶ
855 261 956 311 νῦν,
1000 259 1058 311 ὠς
1093 259 1116 304 ὁ
1163 262 1405 317 λοιδορίαις

51 325 406 381 συμπλεκόμενος
439 325 545 370 ἄνευ
582 329 663 370 τοῦ
700 330 848 382 γελοῖα
886 329 1028 379 ζητεῖν
1063 330 1199 381 λέγειν
1237 327 1289 370 οὐ
1329 330 1403 370 δυ-

51 392 184 442 νατός
219 397 308 436 ἐστι
340 395 547 449 χρῆσθαι
581 398 653 437 καὶ
693 397 824 438 τοῦτο
869 397 1181 450 λοιδοροῦμεν,
1227 392 1402 437 ὁπόταν

50 460 186 513 θυμῷ
235 462 498 515 γιγνόμενον
543 453 584 521 ᾖ.
630 464 749 505 τίδὲ
798 462 876 514 δής
924 461 1006 514 τὴν
1054 463 1142 503 τῶν
1182 464 1403 516 κωμῳδῶν

50 528 316 582 προθυμίαν
353 529 431 570 τοῦ
470 529 620 580 γελοῖα
658 533 716 579 εὶς
751 527 854 578 τοὺς
892 527 1171 582 ἀνθρώπους
1204 531 1339 580 λέγειν
1375 522 1401 580 ἦ

50 593 431 649 παραδεχώμεθα,
481 593 560 636 ἐὰν
605 592 712 639 ἄνευ
749 596 904 650 θυμοῦ
941 594 990 637 τὸ
1041 596 1248 637 τοιοῦτον
1299 594 1402 650 ἡμῖν

51 659 155 709 τοὺς
192 663 379 710 πολίτας
419 663 665 717 ἐπιχειρῶσι
700 664 1013 717 κωμῳδοῦντες
1051 664 1211 714 λέγειν;
1245 659 1271 713 ἢ
1308 664 1404 704 δια-

49 726 254 781 λάβωμεν
286 730 383 782 δίχα
421 729 479 781 τῷ
519 730 688 779 παίζειν
723 731 796 771 καὶ
833 727 915 782 μή,
964 730 1036 770 καὶ
1083 730 1287 779 παίζοντι
1323 731 1404 783 μὲν

48 794 199 845 ἐξέστω
256 797 340 836 τινὶ
397 798 494 848 περί
539 811 618 836 του
665 799 802 850 λέγειν
844 798 1019 849 γελοῖον
1073 793 1180 837 ἄνευ
1231 797 1403 848 θυμοῦ,

46 865 374 915 συντεταγμένῳ
411 862 455 902 δὲ
492 863 564 903 καὶ
599 862 709 915 μετὰ
747 863 919 917 θυμοῦ,
955 862 1170 918 καθάπερ
1207 862 1402 915 εἴπομεν,

44 925 105 981 μὴ
141 927 289 978 ἐξέστω
339 929 515 981 μηδενίς
562 930 696 972 τοῦτο
733 932 813 983 μὲν
851 922 934 971 οὖν
974 928 1180 983 οὐδαμῶς
1226 928 1402 971 ἀναθε-

46 999 158 1044 τέον,
195 987 228 1048 ᾧ
265 993 302 1036 δ’
352 994 500 1045 ἐξέστω
547 998 620 1038 καὶ
657 996 729 1050 μή,
779 998 912 1039 τοῦτο
962 995 1402 1051 νομοθετησώμεθα.

140 1122 182 1154 C.
232 1119 465 1165 ἀριστείων
502 1123 596 1165 πὲρι
631 1119 951 1167 φιλονειὶήσῃ]
989 1124 1196 1167 φιλονικήσῃ
1234 1128 1279 1157 Α.
1310 1136 1344 1159 x.
1372 1131 1406 1157 et

47 1180 100 1212 pr.
132 1167 170 1200 Ω.
199 1170 292 1211 quod
318 1170 375 1201 hic
400 1175 434 1202 et
458 1170 543 1201 alibi
567 1171 700 1211 placuit
723 1171 941 1204 Hermanno.

140 1215 318 1256 λέγομεν
351 1213 402 1257 δὴ
434 1213 481 1246 τὰ
512 1216 609 1259 νῦν]
648 1215 706 1248 Sic
730 1228 763 1248 v.
790 1217 814 1249 f.
841 1223 874 1249 et
900 1228 953 1259 pr.
983 1229 1010 1250 c.
1039 1215 1088 1253 δ.,
1114 1227 1157 1249 ex
1182 1227 1273 1249 corr.
1305 1214 1342 1247 Ω.
1371 1226 1403 1248 a.

47 1267 81 1293 et
106 1262 142 1293 in
165 1272 275 1302 marg,
305 1259 344 1293 Ω.
371 1271 402 1293 a.
430 1262 544 1303 Vulgo
570 1262 728 1303 λέγωμεν.

137 1303 192 1338 ais·
218 1304 236 1339 ὁ
262 1306 512 1349 λοιδορίαις
537 1307 707 1350 συμπλ.]
743 1304 763 1338 ὁ
789 1318 856 1340 om
882 1310 928 1340 A.
954 1313 987 1340 et
1012 1319 1064 1350 pr.
1098 1306 1138 1342 Ω
1163 1307 1284 1349 Steph
1313 1317 1402 1340 corr.

46 1350 94 1385 ὥς
118 1351 310 1395 λοιδοριαις
335 1351 354 1384 ὁ
381 1354 502 1392 συμπλ,

138 1399 184 1430 D.
233 1397 306 1440 τὴν
339 1400 418 1430 τῶν
455 1397 670 1441 κωμωδῶν
697 1398 783 1441 πρ.]
816 1398 877 1441 τὴν
901 1409 968 1431 om.
995 1409 1047 1441 pr.
1075 1400 1120 1431 A.
1152 1397 1190 1430 Ω.
1219 1399 1307 1431 Mox
1334 1409 1398 1430 πα-

49 1442 267 1485 ραδεχόμεθα
291 1447 336 1477 A.
366 1443 404 1478 Ω.
432 1445 470 1479 Ξ.
496 1457 527 1479 v.
552 1446 576 1476 f.
601 1455 629 1476 r.
658 1445 847 1478 Praeterea
875 1447 918 1477 A.
950 1443 988 1476 Ω.
1018 1442 1038 1487 ἢ
1063 1455 1128 1486 pro
1156 1440 1189 1486 ἤ.

138 1493 240 1533 περί
261 1502 336 1523 του
362 1490 533 1533 λέγειν]
561 1491 604 1522 V.
632 1490 706 1532 πέρι
733 1503 758 1522 τ.
786 1492 811 1522 λ.

48 1582 269 1614 conviciis
296 1583 392 1614 sine
418 1583 565 1614 studio
589 1583 694 1613 ridi-

46 1628 144 1659 cula
168 1628 351 1660 dicendi
377 1629 475 1659 illis
502 1629 692 1669 (conviciis

47 1677 87 1706 et
110 1674 321 1714 maledictis)
346 1675 410 1705 uti
436 1684 522 1705 non
548 1684 691 1714 posse,

44 1723 179 1761 atque
205 1720 283 1752 hoc
310 1721 628 1761 vituperamus,
655 1721 690 1752 si

45 1766 219 1807 quando
265 1766 350 1798 fiat
395 1776 470 1808 per
516 1767 689 1798 iracun-

45 1812 168 1843 diam.
224 1812 320 1844 Male
351 1811 615 1853 Stephanus
656 1817 691 1843 et

46 1857 199 1896 Astius
236 1859 384 1890 traiecto
423 1858 573 1890 articulo
604 1859 690 1890 scri-

45 1903 198 1934 bendum
224 1908 382 1936 censent:
415 1900 463 1935 ὥς
497 1902 690 1944 λοιδορίαις

47 1946 328 1988 συμπλεκόμενος
359 1960 387 1982 κ.
415 1960 440 1983 τ,
470 1949 498 1980 λ.
548 1950 691 1981 Etenim

45 1992 235 2036 λοιδορίαις
252 1995 459 2028 nectendum
475 1997 597 2036 utique
614 2006 691 2027 cum

45 2038 341 2080 συμπλεκόμενος,
363 2043 414 2073 ita
438 2045 476 2072 ut
502 2039 692 2083 λοιδορίαις

45 2086 305 2126 συμπλέκεσθαι
349 2087 486 2119 dicatur
524 2088 590 2127 iis,
631 2087 692 2128 qui

44 2133 151 2174 rixis,
182 2133 487 2172 contentionibus,
520 2134 691 2165 conviciis

44 2179 218 2221 denique,
246 2180 445 2221 implicatus
471 2183 535 2210 est.
585 2178 690 2217 Quod

43 2226 74 2256 si
99 2226 176 2267 quis
202 2235 280 2257 cum
306 2224 528 2267 Stephano
555 2225 691 2257 dubitet

42 2281 125 2303 num
137 2270 272 2303 Graece
288 2272 358 2303 dici
373 2272 499 2311 soleat,
517 2271 548 2303 ei
565 2276 689 2303 auctor

43 2317 129 2357 sim,
154 2321 194 2348 ut
218 2319 393 2358 corrigat:
420 2314 609 2358 λοιδορίαις
632 2315 687 2356 ε’μ-

43 2358 263 2401 πλεκὸμενοε.
297 2363 388 2395 conf.
417 2363 518 2394 Libr.
546 2363 629 2396 VII.
656 2373 688 2404 p.

44 2408 125 2442 814.
169 2408 210 2440 B.
239 2409 297 2440 Ad
319 2408 471 2450 χρῆσθαι
495 2413 612 2441 autem
636 2409 690 2440 in-

45 2455 274 2495 telligendum
310 2459 362 2486 est
395 2464 589 2496 pronomen
624 2450 686 2486 αὖ·

49 2503 135 2538 ταῖς,
173 2511 273 2541 quem
309 2511 409 2532 usum
441 2501 609 2541 loquendi
642 2501 686 2532 ad

46 2546 144 2578 Libr.
177 2546 206 2577 Ι.
241 2557 274 2587 p.
307 2545 385 2580 637.
415 2546 458 2577 Ε.
494 2551 527 2578 et
556 2546 618 2578 XI.
652 2557 685 2587 p.

45 2591 123 2626 920.
140 2592 178 2623 C.
195 2593 462 2624 illustravimus.
480 2592 574 2623 conf.
584 2593 687 2623 etiam

46 2647 127 2670 ann.
153 2639 198 2670 ad
224 2637 381 2679 Sophist.
407 2649 439 2679 p.
455 2637 534 2671 217.
551 2637 590 2669 C.
617 2637 684 2670 Fa-

46 2687 121 2716 cete
145 2694 230 2716 vero
263 2686 300 2715 in
330 2685 396 2716 hac
427 2681 603 2724 λοιδορίας
632 2693 685 2715 re-

45 2730 280 2770 prehensione
311 2731 459 2763 dictum:
494 2729 548 2761 καὶ
584 2729 686 2761 τοῦτο

92 2784 181 2818 Plat.
208 2784 296 2826 Opp.
325 2787 404 2817 Vol.
434 2785 498 2817 XI.
527 2784 618 2817 Sect.
648 2785 705 2818 111.

763 1581 1068 1636 λοιδοροῦμει.
1117 1582 1172 1613 De
1195 1580 1403 1624 γιγνόμενον

763 1622 784 1668 ᾖ
815 1628 906 1662 conf.
940 1627 978 1658 V.
1011 1638 1044 1668 p.
1078 1627 1155 1661 729.
1186 1628 1227 1659 Β.
1263 1628 1332 1659 ἐστι
1359 1645 1400 1652 —

761 1677 832 1706 τοις
847 1673 941 1705 νέοις
957 1671 1173 1715 γιγνόμειον.
1188 1674 1252 1705 VI.
1269 1685 1304 1715 p
1321 1673 1399 1708 776.

761 1719 799 1751 C.
827 1720 904 1754 782.
928 1721 972 1751 A.
1002 1720 1047 1750 X.
1073 1730 1106 1760 p.
1133 1720 1211 1754 909.
1239 1720 1282 1751 Ε.
1309 1720 1354 1751 al.

805 1766 851 1798 D.
889 1763 909 1808 ἢ
938 1763 1214 1806 διαλάβωμεν
1241 1763 1332 1806 δίχα
1350 1766 1401 1807 τῷ

760 1813 925 1853 παίζειν
955 1810 1117 1855 καὶμὴ]
1154 1822 1206 1844 an
1232 1822 1317 1843 rem
1343 1812 1402 1843 di-

759 1858 1402 1900 stinguamusbifariam,prou-

760 1905 793 1935 ti
817 1905 1026 1936 iocentur
1055 1909 1128 1935 aut
1151 1914 1234 1935 non
1259 1905 1402 1936 iocen-

760 1954 849 1990 tur,
885 1954 925 1982 et
949 1951 1125 1981 iocanti
1152 1950 1328 1990 quidem
1356 1949 1404 1980 li-

760 2000 860 2027 ceat
895 1996 1031 2027 alicui
1069 1996 1120 2026 de
1154 1995 1305 2036 aliquo
1347 1995 1404 2026 di-

762 2051 856 2073 cere
881 2041 1121 2073 ridiculum
1146 2041 1245 2072 sine
1273 2041 1338 2072 ira
1361 2045 1405 2072 et

761 2087 935 2126 studio3
979 2087 1216 2119 hostiliter
1260 2091 1405 2118 autem

760 2134 1056 2174 aggredienti
1105 2137 1148 2164 et
1191 2143 1279 2164 cum
1322 2133 1403 2165 ira-

758 2178 920 2222 ejundia
951 2180 1125 2211 iocanti
1162 2183 1201 2210 et
1232 2179 1401 2210 ridenti

758 2226 926 2258 nemini
963 2226 1122 2257 liceat?
1183 2224 1254 2256 Pro
1288 2234 1403 2255 συντε-

759 2270 910 2314 ταγμένῳ
947 2271 1215 2302 Heusdius
1249 2269 1402 2311 Specim.

759 2317 847 2349 Crit.
883 2328 917 2359 p.
950 2317 1027 2350 105.
1065 2314 1298 2359 συντεταμένῳ
1330 2325 1403 2347 ma-

757 2364 850 2402 vult,
901 2363 1073 2404 probante
1116 2363 1259 2393 Astio.
1332 2360 1404 2393 Sed

759 2407 1015 2450 συντεταγμένῳ
1052 2408 1191 2438 videtur
1218 2416 1314 2440 esse:
1354 2408 1402 2446 ei,

757 2457 832 2497 qui
857 2465 899 2486 se
925 2455 975 2486 ad
1001 2454 1045 2485 id
1070 2455 1214 2494 ipsum
1237 2463 1402 2494 compo-

756 2503 866 2539 suit,
892 2501 1086 2540 ideoque
1111 2499 1308 2531 alterum
1333 2499 1403 2531 de·

756 2547 953 2578 liberato
1000 2545 1202 2577 consilio
1245 2554 1402 2585 aggre-

755 2594 900 2630 ditur3
932 2602 964 2622 v.
997 2592 1042 2627 ad
1074 2592 1229 2632 Apolog.
1263 2591 1403 2622 Socrat.

753 2649 785 2680 p.
817 2637 876 2672 23
906 2639 948 2725 Ep
971 2637 1105 2715 Legg.A
1115 2636 1168 2668 Vl.
1194 2646 1228 2678 Ρ
1254 2635 1332 2670 770.
1359 2637 1401 2670 Ε.

755 2683 901 2716 Phileb.
953 2682 1044 2717 ..59
1071 2684 1115 2716 A.
1141 2682 1270 2723 ibique
1286 2692 1368 2714 ann.

802 2693 1010 2768 ου’δαμιῦε·
1050 2724 1315 2771 αναθετέον]
1359 2728 1403 2759 Α·

1077 2774 1125 2814 21
