1781 2971
290 170 374 211 530
598 165 905 210 INCERTI
950 167 1329 212 AUCTORIS

289 286 660 342 ἀστρονομοῦντα
721 287 792 326 καὶ
844 285 1018 334 πάντας
1075 285 1179 336 τοὺς
1235 288 1486 339 τοιούτους,
1541 287 1638 332 οἷον

290 353 457 409 δυσμάς
493 370 536 395 τε
564 355 634 394 καὶ
670 351 898 401 ἀνατολὰς
933 357 1259 407 ἐπεσκεμμένον,
1297 353 1410 396 ἀλλὰ
1445 353 1523 397 τὸν
1551 358 1637 399 τῶν

289 420 400 464 ὀκτώ
449 418 665 474 περιόδων
709 419 787 468 τὰς
830 418 938 461 ἑπτὰ
986 420 1236 474 περιόδους,
1285 421 1523 474 διεξιούσης
1558 424 1637 466 τὸν

290 487 431 530 αὑτὸν
466 487 624 529 κύκὶον
660 487 844 537 ἑκάστης
880 484 1031 535 οὕτως,
1066 485 1123 536 ὡς
1145 486 1224 530 οὐκ
1250 485 1308 530 ἂν
1342 487 1502 544 ῥᾳδίως
1528 493 1635 533 ποτὲ

291 558 411 597 πᾶσα
445 568 575 613 ([υσις
611 552 740 605 ἱκανὴ
774 570 946 607 >succro
986 556 1230 608 θεωρῆσαι,
1267 554 1326 608 μὴ
1363 559 1636 611 θαυμαστῆς

288 628 524 678 μετέχουσα
561 620 743 679 φύσεως.
782 617 804 663 ὃ
843 622 924 662 νῦν
969 619 1202 675 εἰρηκαιιεν
1245 624 1427 675 ὲοοῦιιέν
1475 640 1540 673 τε,
1576 622 1635 674 ὥς

287 706 446 747 φαμεν,
485 689 569 749 {mss
607 691 669 730 δεῖ
699 705 742 729 τε
771 705 842 729 και
879 685 999 737 ὅπως
1029 687 1169 741 χοειιίν
1204 691 1477 740 μανθάνειν
1516 693 1634 746 πρῶ-

288 774 364 799 τον
394 756 431 798 δ’
466 755 567 810 ἡμῖν
604 756 703 798 τοδε
739 757 948 806 λεγέσθω.
1022 752 1132 814 Cap.
1176 753 1280 798 ΧΠ.
1350 758 1531 810 Σελήνη
1553 761 1632 811 μὲν

284 826 488 878 περίοδον
526 822 606 874 τὴν
642 821 783 872 αὐτῆς
820 821 1004 876 τάχιστα
1048 822 1263 872 διέξεισιν,
1305 821 1477 875 ἄγουσα
1510 827 1630 879 μῆνα

283 894 355 933 καὶ
405 894 678 942 ’πανσέληνον
724 887 916 943 πρώτην.
967 887 1173 943 δεύτερον
1209 891 1253 931 δὲ
1288 900 1522 934 κατανοεῖν
1570 893 1632 935 δεῖ

283 957 361 1001 τὸν
399 957 537 1009 ἥλιον,
575 955 744 1012 τροπὰς
779 953 951 1009 ἄγοντα
990 954 1060 998 διὰ
1100 957 1244 1007 πάσης
1280 958 1356 1006 τῆς
1391 956 1530 1001 αὑτοῦ
1557 975 1628 1001 πε-

282 1025 446 1082 ριόδου,
482 1027 553 1067 καὶ
593 1022 735 1078 τούτῳ
773 1020 875 1072 τοὺς
911 1021 1201 1078 ξυνδρόιιιους·

1239 1027 1310 1065 ἵνα
1348 1027 1391 1066 δὲ
1426 1024 1486 1079 μὴ
1523 1027 1629 1067 πολ-

375 1153 443 1185 τὸι
473 1152 606 1186 αι’τὸι
632 1152 809 1193 κικλοι]
837 1150 950 1185 αι’τιῦν
981 1151 1017 1186 Ω
1047 1152 1083 1184 Ξ.
1113 1162 1145 1184 x.
1174 1164 1200 1184 ι’.
1225 1163 1256 1186 a.
1284 1165 1311 1186 c.
1339 1152 1366 1188 6.
1397 1165 1426 1186 o.

372 1198 424 1232 ὥς
450 1198 498 1232 013
511 1213 529 1232 κ
555 1198 620 1243 ἂι]
651 1196 693 1231 οῖ’·
722 1200 775 1230 καὶ
804 1201 846 1230 A.
874 1205 906 1231 et
931 1209 981 1240 pr.
1014 1196 1051 1229 Ω.
1079 1195 1122 1229 ου’
1149 1196 1210 1229 2221
1237 1196 1362 1241 ῥαδίως
1381 1200 1476 1235 Flor.
1493 1212 1514 1233 a
1534 1212 1624 1234 corr.

368 1248 453 1289 Cap.
480 1248 567 1279 XII.

277 1305 304 1329 c
331 1292 359 1324 6.
387 1305 415 1325 0.
443 1294 527 1325 Mox
554 1294 658 1325 Voss.
685 1293 737 1323 καὶ
767 1290 908 1323 τούτων

618 1244 778 1287 τροπὰς
810 1243 992 1287 ἄγοντα]
1031 1241 1205 1286 ᾰγα)ο’ντα
1232 1244 1315 1280 ΑΩ
1345 1248 1451 1280 Voss.
1476 1258 1511 1279 x
1537 1259 1565 1280 r.
1591 1259 1623 1281 a.

366 1340 410 1371 D.
463 1340 558 1371 οἵας
594 1339 671 1371 δυν
664 1337 807 1379 ατὸν]
836 1338 1046 1378 Scripsimus
1081 1337 1156 1368 οἵας
1183 1335 1211 1368 δ.
1237 1348 1301 1378 pro
1331 1333 1377 1368 δι’
1402 1335 1444 1369 ἃς
1476 1337 1624 1371 δυνατὸν

276 1396 293 1418 e
321 1395 410 1420 corr.
446 1387 526 1418 Vat.
551 1396 578 1418 r.
605 1391 638 1418 et
662 1395 770 1426 marg.
800 1382 876 1415 ΖΩ
899 1396 927 1418 c.
955 1383 983 1414 δ.
1010 1394 1040 1416 ο.
1066 1389 1236 1414 commate
1268 1389 1349 1425 post
1382 1379 1468 1416 εἶναι
1493 1387 1622 1426 posito,

276 1489 351 1509 cun]
377 1478 546 1518 plenioris
571 1478 806 1509 distinctionis
833 1476 911 1507 sub-

274 1525 406 1555 stituta.
454 1524 617 1565 Denique
643 1524 908 1555 Hei-mannus

274 1580 336 1602 suo
372 1571 528 1611 perIeulo
561 1570 672 1601 edidit
711 1566 835 1611 ἀγνοοῖ
867 1579 910 1606 τε,

274 1627 342 1657 quo
381 1617 541 1647 restituto
589 1618 638 1647 ait
669 1617 787 1648 omnia
817 1620 910 1646 recte

271 1663 481 1702 procedere,
526 1663 745 1695 claudicante
777 1663 910 1693 scilicet

271 1710 446 1740 sententia
471 1710 556 1749 ipsa.
591 1709 742 1750 Iuvabit,
769 1709 908 1747 opinor,

270 1755 323 1785 his
351 1756 556 1785 commentis
588 1756 691 1786 etiam
725 1754 820 1785 aliud
846 1754 906 1784 ad-

270 1801 412 1832 didisse.
463 1800 592 1832 Nostra
617 1801 707 1831 enim
733 1800 907 1831 sententia

270 1852 303 1878 et
342 1847 527 1878 verborum
573 1846 825 1878 constructioni
874 1850 907 1875 et

268 1894 461 1926 sententiae
496 1894 623 1924 rationi
664 1893 749 1924 bene
784 1892 901 1932 provi-

266 1949 341 1971 sum
367 1940 444 1979 erit,
470 1939 528 1970 ubi
555 1940 757 1979 legerimus:
783 1934 904 1978 ἀστρο-

267 1988 402 2024 νὀμιαν,
446 1978 585 2026 ἆγνοιῦι
617 1982 668 2016 ὅτι
701 1982 906 2024 σοφώτατον

264 2028 317 2065 ἄν,
349 2043 377 2063 κ.
407 2042 430 2062 τ,
465 2032 491 2062 λ.
533 2031 694 2063 Ceterum
719 2031 905 2071 exscripsit

265 2078 378 2109 locum
411 2077 529 2108 Theo
561 2077 638 2109 Sm.
670 2088 703 2118 p.
726 2077 782 2111 11.
822 2077 903 2108 inde

263 2124 306 2155 ab
335 2121 385 2155 ὅτι
412 2121 618 2163 σοφώτατον
643 2134 751 2165 usque
777 2123 821 2155 ad
848 2123 901 2153 καὶ

263 2168 470 2208 θαυμαστόν
498 2167 599 2201 ἐστιν.

307 2215 383 2247 τὸν
419 2216 498 2246 τῶν
535 2212 641 2247 σ’κτιιὶ
686 2211 896 2255 περιόδων

262 2259 334 2293 τὰς
363 2259 460 2293 ἑπτὰ
492 2259 746 2303 περιόδους]
774 2261 897 2291 circui-

259 2313 314 2339 tus
340 2313 470 2349 septem
498 2309 674 2340 stellarum
707 2307 895 2339 errantium

259 2354 312 2386 vel
340 2355 567 2396 planetarum.
604 2374 645 2377 —
678 2354 788 2385 πᾶσα
821 2350 891 2392 φύ-

260 2409 341 2438 σις,
368 2406 492 2432 natura
518 2402 620 2432 etiam
647 2401 810 2432 deterior.

306 2468 344 2502 Β.
395 2465 474 2508 ὅπῃ
500 2466 566 2501 δεῖ
590 2480 627 2500 τε
660 2469 726 2500 καὶ
759 2465 891 2508 ὅπως]

257 2515 333 2545 aus
356 2516 520 2547 welche
557 2516 634 2547 Art
666 2527 698 2546 u.
741 2513 891 2550 ῙΓοίεες

258 2570 290 2590 v.
314 2561 358 2591 ad
388 2561 522 2593 Phileb.
548 2573 579 2603 p.
606 2561 661 2595 65.
688 2561 716 2592 E

325 2628 409 2670 Cap.
447 2631 531 2664 XII.
603 2627 737 2670 τούτῳ
784 2625 889 2659 τοὺς

256 2673 356 2715 ξυνδ
367 2673 440 2716 ρόμ
451 2687 466 2705 o
480 2687 499 2706 v
511 2675 554 2716 s.]
572 2675 626 2708 Sc.
646 2671 799 2714 ἀστέρας.
813 2674 887 2705 'Ve-

255 2732 370 2754 nerem
403 2722 567 2763 intelligit
599 2727 633 2754 et
665 2721 886 2759 Mercurium,

254 2768 296 2801 de
322 2767 445 2810 quibus
474 2779 503 2802 v.
529 2779 563 2809 p.
588 2767 666 2802 986.
692 2767 732 2800 E.

1051 1472 1090 1505 C.
1140 1472 1208 1504 ἐπὶ
1242 1472 1284 1505 δὲ
1324 1475 1455 1506 ταῦτα
1491 1486 1620 1517 παρα-

983 1517 1277 1560 σκευάζοντας
1307 1520 1368 1561 -]
1407 1521 1524 1553 Loeus
1563 1533 1620 1555 ve-

980 1566 1159 1597 hementer
1188 1568 1412 1607 depravatus,
1439 1578 1538 1609 quem
1566 1579 1618 1601 re-

980 1617 1080 1652 cepta
1104 1613 1254 1644 lectione
1282 1613 1366 1649 οἵας,
1391 1623 1494 1653 quam
1514 1615 1617 1646 codd.

981 1659 1122 1699 quidam
1148 1654 1411 1697 commendant,
1441 1660 1490 1691 sic
1514 1661 1617 1692 refin-

979 1705 1129 1744 gendum
1156 1710 1336 1745 putamus:
1367 1706 1442 1736 ozac
1467 1704 1617 1738 δυνατὸν

975 1753 1145 1780 συνεῖναι
1171 1751 1479 1790 (intelligere),
1507 1751 1616 1792 χρεών

974 1805 1006 1826 π.
1023 1806 1077 1836 πρ.
1094 1796 1146 1826 καὶ
1162 1794 1216 1827 ἐθ.
1236 1794 1528 1836 διακονήσασθαι,
1545 1799 1613 1830 eie-

974 1846 1028 1873 cto
1057 1841 1114 1875 δεῖ,
1142 1843 1235 1883 quod
1262 1843 1306 1873 ad
1331 1840 1438 1882 χρεών
1464 1848 1501 1874 ut
1518 1844 1613 1884 glos-

973 1898 1067 1919 sema
1093 1888 1158 1918 fuit
1191 1889 1426 1929 adscriptum,
1463 1899 1531 1930 quo
1567 1891 1613 1922 si-

973 1935 1197 1975 gnificaretur
1232 1933 1322 1965 ἐστιν
1367 1944 1442 1966 esse
1483 1936 1611 1968 intelli-

973 1981 1133 2021 gendum.
1184 1981 1238 2012 Ita
1263 1982 1437 2012 sententia
1457 1983 1612 2015 nascitur

972 2027 1072 2058 haec:
1123 2027 1189 2058 Ad
1221 2027 1328 2058 haee
1361 2036 1463 2058 vero
1497 2029 1610 2070 inge-

971 2074 1042 2104 nia
1074 2077 1415 2114 praeparantes,
1455 2076 1610 2114 qualia

971 2128 1017 2150 ea
1051 2120 1224 2159 possint
1262 2119 1524 2159 intelligere
1559 2130 1607 2152 ac

970 2165 1214 2205 percipere,
1244 2165 1294 2202 (h.
1317 2175 1346 2196 e.
1369 2166 1604 2204 praestantio-

968 2220 1018 2249 ra,
1045 2211 1162 2252 qualia
1182 2211 1301 2251 paullo
1327 2215 1407 2240 ante
1435 2210 1602 2242 informa-

968 2257 1049 2297 vit),
1075 2257 1202 2297 plane
1229 2265 1410 2287 necesse
1438 2260 1503 2287 est
1533 2267 1603 2297 pu-

964 2312 1077 2333 erum
1108 2302 1245 2333 adhuc.
1273 2306 1313 2332 et
1344 2301 1601 2335 adolescen-

964 2354 1042 2379 tem
1068 2348 1109 2378 in
1136 2348 1284 2378 multis
1310 2352 1442 2378 antea
1474 2348 1601 2381 insti·

962 2399 1084 2425 tuere
1109 2398 1239 2434 atque
1266 2403 1490 2426 exercere.
1540 2395 1598 2426 Ad

960 2440 1178 2481 participium
1199 2437 1521 2479 παρασκευάζοντας
1545 2441 1598 2472 in-

959 2487 1127 2523 telligitur
1146 2486 1337 2518 subiectum
1358 2486 1530 2517 infinitum
1554 2497 1596 2518 ιι-

959 2530 1019 2563 mis·
1040 2533 1087 2563 ita
1104 2533 1254 2572 quidem,
1278 2538 1315 2562 ut
1339 2531 1464 2563 deinde
1481 2536 1594 2563 trans-

957 2584 1055 2610 eatur
1094 2578 1137 2609 ad
1171 2588 1349 2610 numerum
1381 2578 1593 2617 singularem

957 2621 1231 2665 προδιδάσκονια
1257 2624 1310 2654 καὶ
1335 2621 1510 2663 ἐθίζοντα,
1545 2633 1592 2657 so.

958 2669 1038 2702 urci.
1091 2669 1193 2708 Quod
1219 2671 1304 2701 nihil
1338 2669 1444 2701 habet
1477 2669 1590 2700 offen-

955 2718 1076 2756 sionis,
1101 2716 1385 2757 quandoquidem
1404 2719 1590 2756 utrumque

955 2770 1043 2796 recte
1075 2763 1142 2796 dici
1168 2764 1293 2804 potuit.
1350 2761 1456 2802 Apud
1482 2761 1587 2793 The-
