1781 2971
292 498 298 503 '
362 499 472 524 terum
516 491 660 525 Πλείονς

365 115 437 155 174

838 112 1212 155 PLATONIS

359 230 706 284 ἀποκρινοῦμαι.
749 232 873 272 δυοῖν
906 236 984 284 μέν
1029 238 1074 285 γέ
1123 247 1208 273 που
1257 232 1442 292 ἕλιαττον
1478 231 1613 284 μηδὲν
1651 245 1708 271 τι·

362 298 539 351 θῶμεν,
589 296 667 346 τῆς
698 311 759 351 Ιτε
793 293 1059 350 εὐεργέτιδος
1103 302 1173 339 καὶ
1214 298 1291 348 τῆς
1326 295 1545 338 τάναντία
1581 298 1710 338 δυνα-

358 368 489 416 μένης
523 361 848 416 ἐξεργάζεσθαι.

705 490 835 532 Megilli
879 501 1003 524 nornen

362 537 626 576 inferciebatur,
672 537 763 578 quod
797 548 900 578 quum
944 547 1006 579 per

362 595 400 616 se
427 587 587 625 apertum
628 582 674 615 sit
713 593 815 624 quam
855 583 1006 616 absurde

364 629 435 662 fieri
461 629 699 668 consueverit,
732 634 807 662 tum
836 631 907 662 late
933 629 1005 661 vitii

365 674 524 716 coarguit
557 674 810 707 Boeckliius
851 676 884 707 iu
922 675 1004 707 Min.

363 725 399 754 et
425 721 535 762 Legg.
559 730 590 761 p.
620 720 699 754 100.
751 721 929 753 Personae
956 721 1006 752 in-

365 768 494 800 dicium
535 769 631 798 recte
672 766 834 799 omittunt
865 766 1007 800 codices

370 814 543 845 meliores.
595 811 685 844 Dein
711 812 845 844 notabis
872 812 1007 854 synesin

370 860 401 891 in
450 857 564 890 verbis
610 856 775 888 τάναντία
820 859 1010 899 δυναμένης

363 904 594 945 conspicuam.
657 902 743 935 Nam
781 903 942 934 τάναντία
987 903 1006 933 i.

366 961 395 982 e.
423 947 466 981 τά
493 946 581 979 κακά
617 947 758 988 dicitur,
789 950 948 990 quoniam
975 949 1005 980 in

364 993 578 1038 εὐεργέτιδος
613 994 704 1026 inest
736 996 838 1027 boni
875 1000 1006 1036 atque

365 1040 581 1073 salutaris
607 1040 823 1080 significatio.
873 1041 1006 1073 Similia

365 1088 582 1128 collegerunt
623 1085 925 1129 wyttenbach.
963 1086 1006 1118 ad

367 1131 543 1165 Plutarch.
594 1132 717 1163 Moral.
773 1133 793 1164 l.
846 1144 876 1174 p.
929 1133 1006 1166 205.

366 1176 592 1211 Heinrich.
632 1177 674 1209 ad
720 1178 864 1210 Hesiodi
905 1178 1005 1210 Scut.

366 1224 471 1257 Herc.
515 1235 546 1265 p.
584 1222 662 1257 183.
704 1223 855 1256 Wurm.
902 1225 1007 1256 Com-

365 1274 510 1303 mentar.
545 1268 588 1301 ad
623 1269 781 1302 Dinarchi
822 1270 935 1302 Oratt.
976 1280 1007 1311 p.

363 1315 418 1349 6⁵3.
470 1316 631 1347 Ceterum
664 1314 717 1347 liic
755 1317 853 1348 locus
889 1316 1007 1347 multis

366 1363 549 1394 multorum
585 1363 832 1393 controversiis
872 1366 906 1394 et
937 1361 1007 1392 dis-

364 1407 584 1440 sensionibus
611 1417 728 1439 ansam
760 1407 865 1439 dedit.
915 1406 1007 1439 Fue-

365 1457 444 1486 runt
479 1453 586 1495 enim,
626 1454 684 1494 qui
724 1452 860 1485 Platoni
894 1457 1007 1485 verte-

364 1504 441 1531 rent
467 1499 675 1540 opprobrio,
712 1499 804 1540 quod
832 1498 1007 1540 duplicem

365 1545 548 1577 statuisset
595 1545 743 1576 animam
786 1545 1008 1583 mundanam,

365 1592 512 1623 alteram
532 1590 657 1622 bonam
673 1601 714 1622 ac
738 1591 938 1629 beneficam,
958 1592 1007 1622 al·

366 1642 475 1669 teram
499 1637 622 1668 rnalam
640 1641 675 1669 et
691 1636 889 1670 infaustam.
918 1636 1008 1670 Quin

366 1683 468 1714 etiam
489 1683 676 1713 extiterunt
698 1692 819 1723 nuper,
840 1683 899 1723 qui
924 1681 1009 1714 hanc

365 1728 572 1760 sententiam
608 1732 771 1769 putarent
800 1739 821 1760 a
846 1738 1008 1770 germana

367 1768 558 1816 philosophi
586 1773 743 1806 doctrina
770 1778 900 1806 tantum
938 1774 1006 1805 dis-

365 1829 520 1862 crepare,
548 1823 586 1851 ut
612 1829 653 1852 ex
681 1818 746 1852 hoc
772 1829 910 1862 quoque
931 1821 1007 1852 loco

365 1869 605 1907 argumentum
634 1869 851 1906 repeterent,
877 1876 946 1908 quo
968 1865 1006 1897 fi-

367 1912 430 1945 des
456 1916 491 1943 et
517 1912 709 1944 auctoritas
744 1912 894 1944 universi
920 1921 1006 1952 ope—

367 1958 426 1996 ris,
452 1957 546 1998 quod
573 1962 627 1989 est
657 1957 700 1988 de
718 1956 885 1998 Legibus,
913 1957 1006 1990 labe—

366 2004 560 2036 factaretur
597 2007 701 2044 atque
744 2005 1008 2036 convelleretur.

368 2048 453 2081 lllud
480 2049 544 2080 iam
573 2053 710 2081 veteres
727 2049 898 2088 fecerunt,
922 2058 1007 2090 quo-

368 2104 444 2127 rum
495 2104 618 2135 agmen
666 2094 795 2126 ducunt
843 2096 1008 2127 Plutar-

367 2139 470 2173 chus
497 2140 546 2172 De
570 2138 665 2171 Iside
693 2144 727 2171 et
752 2140 881 2172 Osirid.
908 2141 951 2172 Τ.
969 2141 1009 2174 ll.

367 2197 399 2229 p.
423 2185 504 2219 369.
534 2187 583 2218 De
608 2186 827 2230 Psychogon.
856 2197 887 2226 p.
906 2186 1006 2220 1015.

364 2232 443 2265 adv.
476 2232 591 2266 Colot.
627 2242 656 2264 c.
692 2232 724 2266 9.
764 2235 800 2264 et
835 2232 1008 2265 Platonici

366 2278 579 2311 recentiores
611 2277 770 2319 quidam,
803 2277 1007 2319 Numenius,

367 2323 520 2363 Atticus,
545 2324 615 2363 alii,
643 2323 825 2365 dequibus
850 2334 880 2356 v.
910 2325 1009 2357 Pro-

368 2371 478 2402 clurn
513 2369 636 2402 Theol.
671 2370 807 2403 Platon.
844 2370 938 2404 Libr.
969 2370 1007 2402 V.

367 2426 397 2448 c.
432 2416 462 2449 7.
498 2426 530 2457 p.
565 2414 644 2451 259.
685 2416 716 2447 in
755 2415 939 2449 Timaeum
979 2427 1008 2457 p.

368 2460 436 2495 114
451 2472 524 2502 sqq.
551 2460 825 2494 chalcidium
858 2463 889 2494 in
915 2461 1007 2495 Tim.

369 2508 454 2547 Cap.
492 2507 539 2538 11.
583 2507 613 2548 ξ.
645 2507 701 2542 30.
734 2518 766 2548 ρ.
799 2507 878 2542 287.
923 2507 1006 2549 Gap.

367 2552 462 2586 Xlll.
494 2555 525 2594 §-
559 2553 638 2588 298.
666 2564 697 2595 p.
724 2553 792 2587 387
817 2564 893 2595 sqq.
919 2554 1007 2586 Ma·

368 2598 557 2631 crobium
589 2600 622 2631 in
650 2600 769 2632 Somn.
799 2599 952 2642 Scipion.
982 2599 1006 2631 1.

366 2646 399 2679 65.
435 2644 488 2678 14.
522 2646 565 2677 al.
598 2645 642 2677 de
675 2645 798 2686 quibus
824 2655 854 2677 v.
882 2645 1006 2678 wolf.

368 2691 409 2723 ad
443 2690 588 2731 Origen.
626 2690 822 2733 Plvilosopii.
861 2703 891 2733 p.
931 2691 1004 2725 134.

1075 498 1109 524 et
1131 494 1169 525 C.
1199 493 1262 525 Fr.
1292 493 1517 526 Hermann.
1541 493 1633 526 Hist.
1650 492 1709 524 Pli.

1079 539 1164 571 Plat.
1194 539 1218 570 l.
1247 550 1278 581 p.
1306 539 1383 573 709.
1436 543 1547 580 Atque
1577 537 1627 570 liis
1654 548 1714 569 ac-

1075 585 1167 617 cedit
1192 584 1297 616 etiam
1329 584 1589 625 antiquissimu·
1614 583 1715 616 Chri-

1076 631 1268 662 stianorum
1331 634 1453 663 auctor
1511 629 1714 662 Clemens

1077 675 1309 708 Alexandr.
1345 676 1477 708 Strom.
1503 676 1547 707 V.
1575 686 1607 717 p.
1635 675 1712 709 701.

1075 722 1130 763 qui
1156 731 1256 762 quam
1283 721 1385 754 Plato
1402 721 1565 754 statuerit
1590 722 1714 753 malam
1742 737 1745 740 ·
1766 726 1767 730 ’

1076 769 1246 806 animam,
1280 777 1354 800 eam
1386 772 1488 809 putat
1518 776 1585 800 non
1611 768 1713 799 aliam

1076 824 1170 852 esse,
1207 822 1305 854 quam
1339 813 1514 845 diabolum
1548 811 1712 844 Christia-

1076 869 1209 891 norum.
1237 859 1326 891 conf.
1365 859 1620 891 Cudwortln.
1647 858 1713 901 Sy·
1766 862 1768 892 ἰ

1074 909 1186 937 stema
1212 905 1383 936 Intellect.
1410 915 1442 947 p.
1459 904 1526 939 236
1553 913 1627 945 sqq.
1653 903 1717 936 ibi·
1766 927 1769 945 ¹.

1074 961 1140 992 que
1166 949 1467 983 Moshemium.
1495 949 1715 991 Plessing.
1766 947 1769 970 ⁵

1074 996 1252 1028 Memnon.
1290 995 1367 1028 Vol.
1402 996 1443 1028 ll.
1477 1006 1509 1037 p.
1540 994 1608 1029 306
1640 1004 1715 1036 sqq.
1766 1008 1769 1031 χ

1074 1042 1364 1074 Tennemann.
1399 1041 1562 1083 Systema
1587 1040 1715 1073 Philos.

1076 1088 1213 1120 Platon.
1259 1087 1333 1119 Vol.
1366 1088 1436 1119 ΙΙΙ.
1471 1098 1504 1129 p.
1542 1087 1610 1121 175
1642 1097 1715 1128 sqq.

1076 1138 1111 1166 et
1141 1134 1198 1174 qui
1232 1133 1274 1165 ab
1308 1132 1358 1165 his
1390 1136 1716 1166 commemorantur.

1078 1180 1208 1220 Legum
1236 1179 1480 1212 auctoritatem
1507 1188 1591 1211 vero
1610 1188 1717 1219 nuper
1768 1178 1769 1184 ¹

1076 1225 1152 1257 liinc
1176 1225 1348 1257 infirmare
1367 1225 1482 1257 conati
1496 1228 1576 1256 sunt
1601 1224 1717 1256 Asti-
1768 1253 1769 1257 ,

1048 1291 1053 1297 ,
1076 1281 1125 1303 us
1159 1271 1208 1301 De
1236 1271 1306 1302 vita
1333 1274 1368 1302 et
1393 1271 1530 1312 scriptis
1558 1269 1718 1302 Platonis
1765 1271 1768 1277 “

1078 1328 1108 1358 ρ.
1141 1316 1221 1350 387.
1256 1320 1290 1347 et
1324 1316 1526 1348 Zellerus
1559 1314 1715 1348 Studior.

1077 1363 1234 1394 Platonn.
1272 1372 1304 1401 p.
1340 1361 1396 1395 43.
1435 1372 1486 1402 sq.
1519 1362 1717 1402 iterumque
1768 1359 1769 1373 ³

1077 1408 1209 1440 Histor.
1246 1405 1376 1439 Pinnos.
1412 1408 1473 1440 Gr.
1504 1407 1578 1438 Vol.
1605 1407 1654 1438 11.
1683 1417 1715 1449 p.
1768 1397 1771 1431 Ρ

1075 1454 1156 1488 321.
1182 1452 1310 1495 quippe
1333 1453 1509 1495 indignum
1535 1453 1612 1492 rati,
1638 1452 1719 1486 Pla·
1768 1474 1771 1483 .

1076 1499 1148 1532 toni
1181 1504 1251 1531 tam
1285 1498 1453 1533 nefarium
1478 1497 1717 1539 vdualismum,
1768 1500 1771 1539 ἶ

1076 1547 1132 1587 qui
1167 1546 1268 1584 vulgo
1301 1544 1447 1585 dicitur,
1489 1549 1622 1577 temere
1654 1544 1718 1577 ob·
1769 1549 1772 1556 '

1077 1591 1181 1624 trudi.
1232 1591 1358 1631 Itaque
1390 1590 1509 1634 paucis
1543 1600 1719 1632 exponere

1078 1637 1211 1674 licebit,
1241 1635 1321 1678 quid
1348 1635 1391 1669 de
1417 1647 1456 1669 ea
1484 1646 1520 1669 re
1545 1636 1645 1668 nobis
1671 1636 1718 1668 vi-

1077 1683 1212 1714 deatur.
1265 1684 1314 1714 Ac
1340 1683 1485 1724 primum
1512 1681 1650 1723 quidem
1679 1682 1717 1714 il-
1768 1710 1769 1713 ,

1078 1728 1135 1761 lud
1163 1737 1229 1760 non
1261 1727 1436 1769 indignum
1472 1727 1610 1760 videtur
1641 1727 1717 1759 dili-

1075 1775 1169 1817 genti
1224 1774 1487 1813 observatione,

1075 1821 1243 1858 animam,
1271 1830 1373 1861 quam
1400 1818 1624 1862 philosophus
1649 1824 1718 1851 sta-

1075 1867 1151 1906 tuit,
1177 1876 1246 1897 non
1272 1865 1379 1898 videri
1409 1869 1528 1897 natura
1554 1875 1615 1897 sua
1641 1875 1720 1898 esse

1076 1913 1268 1952 diversam,
1311 1911 1373 1943 sed
1414 1921 1516 1943 unam
1554 1910 1715 1944 eandem·
1768 1951 1769 1955 Ἰ

1076 1968 1163 2000 que,
1190 1967 1253 1989 nec
1280 1961 1394 1989 tamen
1420 1956 1462 1989 ad
1492 1957 1626 1989 virtutis
1647 1958 1719 1990 lau·
1768 1982 1769 1987 ,

1077 2005 1290 2045 όεῃιῑρει-εηι
1318 2007 1378 2035 aut
1402 2003 1465 2034 sibi
1487 2007 1717 2057 constantem.
1768 2015 1770 2026 ι

1570 2058 1717 2082 ammam

1078 2050 1225 2082 Censuit
1269 2050 1357 2081 enim
1400 2049 1524 2087 Plato,

1078 2105 1215 2128 omnem
1234 2105 1295 2136 per
1313 2105 1352 2126 se
1369 2099 1574 2136 spectatam,
1595 2098 1720 2135 utpote
1768 2102 1769 2141 J

1078 2142 1181 2173 variis
1243 2141 1428 2182 pollentem
1494 2139 1718 2173 facultatibus

1078 2196 1210 2227 suaque
1235 2185 1425 2227 praeditam
1448 2185 1607 2218 libertate
1635 2186 1718 2219 libe·
1770 2184 1771 2194 ³

1077 2242 1186 2274 toque
1213 2237 1308 2264 motu
1334 2237 1505 2273 ornatam,
1533 2231 1638 2264 modo
1663 2241 1718 2265 re—

1077 2284 1131 2311 cta
1165 2279 1293 2310 sentire
1332 2279 1420 2310 velle
1453 2281 1487 2309 et
1511 2277 1717 2319 intelligere,
1768 2274 1769 2277 ’

1077 2323 1183 2358 modo
1225 2324 1326 2356 etiam
1372 2323 1463 2355 falsa
1511 2323 1646 2364 opinari
1685 2328 1720 2356 et
1773 2315 1776 2331 ¹

1077 2370 1172 2411 sequi
1199 2379 1315 2412 posse.
1348 2369 1400 2402 De
1424 2379 1490 2410 qua
1517 2379 1556 2401 re
1583 2379 1612 2400 v.
1627 2369 1718 2402 Tim.

1078 2428 1112 2459 p.
1138 2415 1193 2450 34.
1222 2416 1249 2447 C
1276 2425 1351 2457 sqq.
1384 2425 1416 2458 p.
1442 2414 1499 2449 37.
1527 2418 1566 2448 Α.
1599 2424 1633 2457 p.
1659 2414 1716 2449 41.
1766 2436 1767 2441 ,

1080 2464 1118 2496 D.
1157 2473 1189 2503 p.
1219 2461 1275 2496 44.
1311 2463 1350 2494 A.
1383 2472 1416 2503 p.
1442 2461 1498 2496 51.
1524 2460 1569 2492 D.
1600 2471 1634 2501 p.
1661 2460 1717 2497 69.

1079 2509 1118 2540 Ι).
1155 2507 1212 2542 88.
1250 2509 1288 2539 Β.
1323 2513 1356 2539 et
1390 2508 1440 2539 De
1473 2507 1561 2547 Rep.
1594 2506 1657 2539 IV.
1682 2517 1717 2547 p.
1766 2522 1767 2528 1

1075 2554 1156 2588 436.
1187 2557 1226 2588 Α.
1251 2553 1331 2588 439.
1360 2553 1400 2585 C.
1428 2553 1468 2584 D.
1495 2551 1556 2585 IX.
1583 2563 1616 2594 p.
1638 2552 1717 2587 589.

1078 2601 1117 2633 Ε.
1146 2601 1224 2632 coll.
1254 2598 1401 2632 Phaedr.
1429 2609 1461 2640 p.
1487 2597 1566 2632 237.
1593 2598 1634 2630 D.
1663 2598 1717 2636 E„

1076 2657 1117 2679 ac
1149 2646 1192 2678 de
1226 2647 1334 2678 libero
1366 2644 1469 2677 animi
1501 2648 1599 2677 motu
1625 2643 1717 2676 Tim.

1077 2703 1109 2734 p.
1134 2693 1189 2726 34.
1219 2691 1247 2722 C
1273 2702 1346 2732 sqq.
1407 2690 1455 2722 Ex
1491 2700 1557 2730 qua
1584 2699 1621 2722 re
1646 2688 1716 2732 phi·
1766 2687 1767 2699 ³

1543 1773 1716 1815 duplicem
1767 1806 1770 1814 Δ
