1781 2971
284 163 366 204 DE
404 159 678 203 LEGIBUS
714 158 828 200 [ΑΒ.
867 157 947 200 ΙΧ.
984 159 1026 199 l'.
1062 159 1142 198 >³73
1175 158 1239 198 St.
1381 158 1431 197 85)

82 281 228 340 φονου
273 279 479 322 τοιούτου
532 274 699 320 τούτων
743 278 913 324 κτείνας
960 274 1073 324 τινα,
1134 277 1174 318 οἱ
1219 276 1296 328 μὲν
1346 274 1433 316 τῶν

84 348 303 390 δικαστῶν
345 344 558 399 ὑπηρέται
606 346 677 386 καὶ
726 341 939 397 ἄρχοντες
985 340 1327 390 ἀποκτειναντες
1375 343 1433 390 εὶς

84 416 351 469 fetantium
388 412 566 465 τρίοδον
602 411 677 461 ἔξω
719 411 794 461 τῆς
822 409 989 458 πόλεως
1026 406 1332 463 ἐκβαλλόντων
1361 423 1435 462 γυ·

83 480 210 537 μνον,
249 484 295 522 αἱ
333 481 376 521 δὲ
413 476 545 533 ἀρχαι
587 480 728 519 πᾶσαι
756 475 865 530 ὑπὲρ
899 473 1005 526 ὅλης
1043 477 1123 526 τῆς
1157 474 1336 525 πόλεως,
1376 477 1437 516 λί-

85 551 179 591 θον
224 552 406 594 ἕκαστος
450 550 618 603 ([έρων,
668 546 735 586 ἐπὶ
784 542 866 594 τὴν
912 540 1111 598 κεφαλὴν
1157 542 1236 583 τοῦ
1278 542 1436 596 νεκροῦ

84 615 262 670 βάλλων
297 611 558 670 ἀφοσιούτω
597 610 676 661 τὴν
713 610 842 652 πόλιν
874 605 1005 659 ὅλην,
1054 605 1163 661 μετὰ
1211 609 1255 649 ὑὲ
1302 609 1437 650 τοῦτο

86 687 145 732 εἰς
182 680 234 722 τὰ
276 681 351 732 τῆς
380 678 526 734 χώρας
563 676 667 730 ὅρια
703 680 910 734 (Ῑὲροντες
939 671 1243 727 ἐκβαλλόντων
1272 674 1332 727 τῷ
1365 671 1435 716 νό-
1492 676 1512 711 ’“,

85 765 153 803 μῳ
187 749 385 805 ἄταφον.
459 744 549 787 Τὸν
589 745 634 785 δὲ
672 742 725 794 δὴ
755 741 936 784 πάντων
969 739 1340 786 οὶκειότατονῑῑεαὶ
1371 743 1438 782 λε-

85 815 272 870 γόμενον
299 814 531 869 -ᾳίλτατον
567 808 615 858 ὃς
650 806 706 851 ἂν
743 808 997 866 ἀποκτείνῃ,
1035 811 1076 849 τί
1105 806 1190 861 χρὴ
1230 805 1439 862 πάσχειν,·

86 884 190 935 λέγω
235 883 300 928 δέ,
345 876 393 927 ὃς
436 875 493 919 ἂν
530 873 691 919 ἑαυτὸν
728 880 894 934 κτείνῃ,
938 873 1020 924 τήν
1069 875 1146 924 τῆς
1182 877 1441 929 εἱμαρμένης

86 951 164 1003 βίᾳ
198 945 460 997 ἀποστερῶν
498 951 688 998 μοῖραν,
732 941 842 997 μήτε
888 939 1051 989 πόλεως
1096 939 1288 992 ταξάσης
1331 941 1440 999 δίκῃ,

88 1013 194 1070 μήτε
231 1010 484 1067 περιωδύνῳ
520 1008 708 1067 ἀφύκτῳ
744 1004 1052 1066 προςπεσούσῃ
1099 1005 1205 1066 τύχῃ
1240 1007 1439 1060 αναγκα-

181 1188 222 1220 έκ
257 1189 470 1227 προνοίας
505 1185 738 1226 ἑκουσίως]
767 1184 886 1226 Steph.
912 1192 992 1217 ante
1019 1185 1189 1216 ἑκουσίως
1221 1185 1443 1217 desiderabat

93 1236 156 1268 καί.
205 1234 247 1266 Ιη
274 1233 348 1265 Ric.
376 1233 408 1264 h.
437 1232 474 1264 ἐκ
499 1231 667 1273 προνοῖας
691 1241 759 1263 om.
787 1230 858 1262 Sed
886 1241 916 1262 v.
944 1231 1122 1272 explicatt.

183 1280 223 1312 B.
273 1278 343 1311 τὰς
368 1280 463 1320 περὶ
496 1279 572 1310 τοῦ
596 1278 673 1309 τῶν
706 1288 796 1315 νομ.
809 1277 823 1318 ]
851 1277 912 1308 τοῦ
937 1277 1149 1309 inseruimus
1175 1276 1217 1307 de
1243 1276 1445 1308 coniectura

96 1327 267 1360 Matthiae
294 1325 443 1359 Miscell.
469 1324 600 1357 Philol
628 1324 656 1355 Ι.
684 1323 723 1355 Ρ.
751 1323 793 1355 ΙΙ.
823 1323 866 1354 V.
893 1323 971 1357 161

187 1372 226 1405 C.
276 1369 378 1413 μήτε
412 1368 576 1402 πόλεως
612 1367 798 1410 ταξάσης
835 1367 948 1410 δίκῃ]

93 1420 191 1451 tibris
217 1428 296 1450 mss.
323 1418 493 1449 omnibus

93 1466 153 1498 ned
179 1476 211 1496 v.
239 1464 418 1505 explicatt.

1022 1323 1122 1354 Idem
1146 1323 1232 1353 fecit
1259 1323 1395 1354 Astius.

1022 1368 1133 1409 Vulgo
1172 1367 1286 1420 δίκη-1,
1321 1369 1444 1400 invitis

553 1418 644 1448 Ante
671 1412 812 1456 ἀφύκιι)
841 1414 1040 1457 Stephanus
1069 1415 1122 1445 καὶ
1149 1415 1257 1446 inseri
1282 1415 1442 1452 iubebat;

151 1602 190 1634 B.
243 1597 524 1643 προρρήσεις
563 1598 635 1636 μὲν
674 1597 743 1630 τὰς

105 1659 137 1682 κ.
175 1658 252 1679 του
292 1666 336 1671 -
363 1646 440 1677 τῶν
468 1644 516 1688 zm]
544 1643 639 1682 Quid
672 1645 742 1676 sint

105 1689 332 1736 προῤῥτζσεις,
379 1702 488 1733 supra
526 1691 742 1722 ostendimus

98 1750 179 1773 ann.
215 1740 260 1772 ad
292 1749 324 1781 p.
351 1737 430 1772 871.
464 1736 503 1769 C.
552 1738 644 1769 Dein
680 1737 742 1768 τοῦ

98 1792 179 1819 ante
211 1786 277 1817 τῶν
307 1784 522 1816 inseruimus
551 1784 594 1814 de
625 1784 742 1814 conie-

99 1838 199 1864 ctura
235 1833 278 1865 A
314 1830 527 1862 Matthiae
570 1829 672 1862 Misc.
711 1830 739 1861 Ι.

99 1890 132 1921 p·
164 1878 243 1912 161.
300 1877 390 1909 Nam
422 1876 530 1907 verba
561 1876 741 1916 iungenda

102 1929 183 1957 sunt
205 1924 300 1955 hune
327 1923 362 1954 in
390 1923 548 1953 modum.
581 1918 640 1952 τὰς
665 1922 741 1961 περὶ

101 1971 163 2002 τοῦ
180 1969 359 2023 εἴργεσθαι
377 1968 444 1999 τῶι
462 1968 623 2006 νομι”.μωι
651 1967 741 1998 Tum

811 1600 943 1639 puscul.
970 1597 1055 1639 phil.
1085 1597 1163 1628 Vol.
1191 1595 1234 1630 11.
1262 1603 1294 1635 p.
1314 1592 1382 1627 '287
1395 1603 1445 1633 sq.

810 1650 846 1675 et
884 1642 1178 1675 Wachsmuth.
1219 1641 1446 1680 Antiquitatt.

813 1691 904 1722 Heli.
933 1690 1012 1721 Vol.
1038 1689 1087 1720 11.
1115 1699 1148 1730 p.
1173 1686 1252 1721 437.
1278 1685 1370 1734 1874

858 1758 898 1790 C.
948 1755 1031 1790 Τὸν
1057 1755 1098 1789 δὲ
1123 1753 1171 1798 δὴ
1199 1752 1363 1786 πάντων
1394 1754 1447 1783 oi-

812 1802 1034 1836 κειότατον
1063 1802 1126 1845 —-]
1166 1801 1299 1843 Lepide
1330 1805 1363 1831 et
1394 1809 1447 1830 ur-

812 1852 913 1883 bane.
986 1849 1161 1888 Quocirca
1201 1847 1449 1888 explicationis

809 1907 933 1929 caussa
968 1896 1154 1928 subiicitur
1187 1893 1330 1926 deinde:
1365 1891 1449 1933 λέγω

811 1941 845 1974 δὲ
872 1954 900 1976 κ.
926 1953 951 1976 τ.
980 1944 1004 1974 λ.

881 1987 957 2028 τὴν
989 1987 1058 2028 τῆς
1087 1983 1347 2026 εἱμαρμένης
1378 1982 1451 2023 βίη

100 2021 181 2059 post
216 2013 275 2047 τὰς
311 2010 418 2046 aurcis
455 2013 550 2055 quod
592 2013 742 2045 infertur

103 2059 263 2102 καθάπερ
289 2061 411 2092 eodem
436 2060 541 2092 modo
566 2059 665 2091 Libr.
688 2059 742 2091 Vh

102 2119 135 2151 p·
162 2109 241 2142 755.
266 2107 309 2138 Ε.
335 2107 403 2138 ΙΧ.
429 2117 461 2147 p.
488 2105 567 2139 869.
594 2106 636 2137 Ι).
663 2105 743 2139 874.

99 2154 149 2187 Ἀ.
178 2155 223 2185 al.
249 2152 412 2185 Ceterum
445 2152 626 2193 parricidii
659 2161 741 2192 poe-

103 2211 184 2232 nam
215 2198 449 2241 philosophus
483 2198 577 2239 quod
613 2198 737 2229 consti·

104 2247 172 2278 tuit
195 2245 457 2277 acerbissimam
482 2249 589 2285 atque
614 2244 743 2285 turpis-

107 2293 241 2332 simam,
266 2292 341 2332 ipse
365 2291 566 2331 nentiquam
594 2290 745 2322 assensit

108 2337 231 2371 Soloni
256 2347 297 2369 ea
320 2337 366 2368 de
389 2347 426 2368 re
443 2337 546 2368 aliter
566 2336 744 2374 sentienti,

109 2388 229 2425 utpote
254 2383 470 2423 experientia
493 2382 656 2422 edoctus,
681 2383 745 2413 hu—

109 2439 246 2463 manam
270 2433 428 2461 naturam
453 2430 653 2470 neutiquam
671 2438 746 2460 eam

110 2485 206 2515 esse,
239 2484 328 2516 quae
360 2475 414 2506 vel
449 2479 519 2507 tam
552 2475 657 2506 foeda
681 2474 746 2506 cri·

110 2523 205 2554 mina
237 2525 343 2562 atque
372 2521 503 2553 scelera
532 2530 596 2553 sua
621 2525 746 2561 sponte

111 2568 264 2607 refugiat
289 2571 323 2598 et
336 2572 527 2598 aversetur.
554 2562 657 2605 Quod
675 2566 747 2597 noli

110 2614 312 2646 existimare
329 2622 486 2654 pugnare
501 2623 577 2644 cum
593 2614 648 2652 iis,
663 2622 750 2654 quae

112 2659 325 2692 Plato-alibi
352 2659 395 2690 de
415 2663 560 2690 naturae
578 2660 751 2691 humanae

113 2706 329 2748 praestantia
354 2705 559 2745 disputavit.
618 2704 672 2736 De
704 2705 751 2736 la—

114 2752 294 2794 pidatione
327 2762 357 2782 v.
396 2751 649 2784 Valckenar.
706 2750 752 2782 Ο-

812 2031 874 2065 ἀπ
903 2032 1071 2088 μοῖραν]
1092 2036 1211 2063 sorte
1236 2029 1365 2062 fatali
1391 2038 1449 2060 se-

813 2086 894 2113 met
929 2082 1071 2133 ipsum
1105 2078 1333 2110 violentei
1370 2075 1450 2115 pri-

813 2138 832 2156 v
842 2137 933 2158 ans.
961 2126 1020 2159 Sic
1041 2121 1255 2166 ήείμαρμέιη
1281 2123 1324 2154 dc
1343 2125 1454 2152 morte

812 2174 964 2205 naturali
988 2172 1117 2204 dicitur
1148 2180 1203 2211 ap
1229 2167 1452 2200 Demosth.

812 2219 867 2251 De
892 2229 1022 2251 corona
1047 2219 1078 2258 ξ.
1094 2216 1175 2250 205.
1228 2215 1358 2247 isocr.
1385 2213 1453 2244 Bu-

812 2266 872 2298 sir.
907 2265 938 2306 §.
965 2265 997 2300 8.
1034 2263 1233 2303 Aeginet.
1265 2261 1295 2302 ξ.
1319 2259 1375 2293 ⁶29.
1409 2259 1454 2292 al.

815 2323 844 2342 v.
872 2321 962 2352 quae
987 2311 1078 2342 hanc
1101 2311 1138 2340 in
1174 2317 1246 2340 rem
1279 2306 1456 2346 congessit

816 2357 851 2389 M
870 2356 891 2390 ’ἐι
907 2363 918 2388 t
937 2368 953 2389 z
971 2367 993 2388 n
1011 2366 1028 2388 e
1046 2365 1072 2389 r.
1107 2354 1151 2386 ad
1184 2352 1394 2394 Antiphont.
1421 2360 1452 2391 p.

816 2402 894 2437 142.
950 2403 1036 2434 Mox
1062 2399 1272 2441 Stephan.
1310 2394 1457 2437 ταξάσης

816 2449 957 2490 δίκην,
981 2447 1104 2480 invitis
1131 2445 1231 2478 codd.
1259 2444 1430 2476 omnibus.

862 2515 966 2558 μήτε
1002 2512 1234 2557 περιωδύν
1223 2524 1249 2545 (υ
1283 2509 1455 2553 ἀφύκτο-

821 2572 967 2604 προςπ.
1004 2562 1054 2604 ι.]
1089 2560 1343 2602 Stephanus
1376 2561 1457 2590 ante

819 2607 962 2652 ἀφύκτῳ
988 2608 1212 2640 inserendum
1228 2605 1374 2647 putabat
1395 2603 1459 2641 καὶ

822 2656 915 2709 quod
934 2656 1094 2688 Astius
1118 2655 1154 2686 in
1169 2653 1366 2684 orationem
1384 2649 1459 2682 Pia-

821 2703 916 2734 tonis
940 2701 1062 2733 invitis
1087 2700 1187 2732 codd.
1219 2697 1382 2730 omnibus
1409 2697 1462 2727 in-

823 2750 927 2781 vexit.
984 2747 1061 2787 Quo
1095 2749 1170 2779 iure
1202 2746 1239 2777 id
1261 2745 1378 2778 facere
1402 2752 1462 2775 au-
