1781 2971
411 122 627 166 VULGO
671 123 948 165 PLATONI
982 131 1060 165 etc.
1326 127 1407 167 445

68 253 170 280 suae
202 236 479 285 custodibus,
522 235 564 276 id
598 241 688 287 est,
721 235 897 276 summis
930 235 1024 276 eius
1070 237 1406 292 magistratibus,

67 294 356 349 comparanda
386 293 556 334 brevius
587 291 890 344 indicavisset,
932 306 982 333 ea
1027 292 1245 346 copiosius
1277 310 1407 350 expo-

68 361 271 393 nerentur
319 351 543 403 fusiusque
594 354 973 404 pertractarentur.
1055 348 1185 401 Quod
1233 351 1407 406 quidem

67 410 209 465 operis
261 407 475 449 Platonici
524 405 775 461 perficiendi
830 405 1170 460 absolvendique
1216 408 1405 450 studium

66 482 196 520 quum
228 466 310 506 iam
344 479 396 505 ex
427 479 477 505 eo
509 470 731 518 appareat,
763 462 880 516 quod
910 462 1041 503 iidem
1072 462 1288 518 homines,
1333 466 1407 519 qui

64 524 104 563 in
129 523 319 577 Legibus
352 521 680 574 colloquuntur,
714 518 878 561 Clinias
917 519 1165 572 Cretensis,
1198 522 1405 577 Megillus

68 578 436 621 Lacedaemonius
467 584 510 618 et
539 577 696 632 hospes
729 576 905 631 quidam
926 576 1222 631 Atheniensis,
1256 579 1406 633 dispu-

63 644 205 678 tantes
237 635 522 686 inducuntur,
565 633 768 688 quodque
810 633 972 689 dialogi
1003 633 1126 675 initio
1158 643 1200 676 et
1230 650 1272 690 p.
1307 637 1404 676 980.

64 694 112 735 C.
154 694 280 735 claris
321 692 467 733 verbis
519 691 790 745 significatur
836 690 1079 731 inchoatam
1122 691 1166 732 in
1208 692 1404 748 Legibus

63 750 402 806 disputationem
448 747 723 802 profligatum
768 746 820 786 iri
860 746 1064 799 ulterius,
1118 754 1207 789 tum
1255 749 1405 790 certis-

62 809 164 850 sime
206 805 485 861 cognoscitur
523 819 573 844 ex
622 810 840 858 postrema
878 803 1012 844 libelli
1051 815 1196 859 parte,
1249 806 1324 848 ubi
1361 805 1405 846 in

61 863 355 920 superioribus
397 860 594 902 nocturni
634 860 807 916 collegii
854 861 1113 915 sapientiam
1153 869 1197 903 et
1234 863 1405 904 institu-

59 923 220 963 tionem
270 919 567 960 adumbratam
606 932 655 958 ac
700 916 962 972 descriptam
1003 932 1099 959 esse
1145 919 1404 961 ostenditur.

64 978 213 1020 Potuit
261 991 360 1017 vero
407 981 558 1016 auctor
603 974 736 1016 libelli
784 973 838 1014 ad
883 974 1138 1029 capiendum
1184 975 1267 1017 hoc
1317 977 1404 1017 tale

62 1034 288 1077 consilium
327 1048 375 1074 eo
424 1031 590 1072 facilius
632 1031 891 1086 permoveri,
945 1031 1062 1085 quod.
1105 1033 1188 1088 ipsi
1229 1047 1403 1088 sperare

61 1093 208 1133 liceret
247 1091 437 1131 futurum
471 1103 587 1141 esse,
636 1095 681 1128 ut
710 1087 837 1143 plane
868 1103 921 1129 ex
959 1090 1114 1130 summi
1154 1089 1404 1145 philosophi

60 1148 276 1191 sententia
321 1146 460 1201 egisse
504 1144 834 1187 existimaretur.
907 1145 1083 1186 Etenim
1131 1161 1278 1188 ansam
1320 1147 1403 1203 ipsi

60 1205 114 1247 ad
161 1203 435 1247 scribendum
475 1201 626 1257 procul
666 1201 796 1242 du'bio
838 1201 924 1242 duo
966 1203 1135 1258 Legum
1175 1203 1259 1245 loci
1302 1219 1404 1258 sup-

61 1261 322 1318 peditarunt,
356 1274 536 1315 quorum
569 1258 676 1298 alter
704 1264 820 1298 extat
849 1258 970 1300 Libr.
1003 1260 1108 1300 VII.
1148 1276 1185 1316 p.
1220 1262 1315 1302 818.
1350 1260 1402 1301 Β.

61 1335 154 1374 sqq.
196 1319 302 1359 alter
345 1316 504 1372 legitur
547 1315 666 1356 Libr.
702 1314 812 1355 XII.
873 1331 914 1370 p.
948 1317 1042 1356 966.
1074 1331 1167 1371 sqq.
1229 1316 1403 1373 Quippe

59 1376 201 1430 priore
233 1376 329 1416 loco
358 1375 470 1414 inter
499 1387 570 1413 eas
604 1378 713 1413 artes
746 1387 794 1413 ac
826 1371 1092 1427 disciplinas,
1122 1388 1238 1429 quael
1264 1375 1316 1415 ab
1338 1376 1403 1414 in-

58 1433 211 1489 genuis
259 1430 504 1472 hominibus
562 1428 792 1469 discendae
841 1429 949 1481 sint,
1009 1429 1234 1485 imprimis
1273 1431 1401 1472 etiam

59 1488 343 1539 arithmetica,
376 1486 614 1543 geometria
634 1492 676 1526 et
697 1486 960 1526 astronomia
977 1487 1236 1540 referuntur,
1269 1503 1402 1542 quan-

59 1545 293 1601 doquidem
324 1559 398 1585 eae
428 1558 513 1584 non
540 1542 667 1583 modo
698 1542 752 1583 ad
778 1542 894 1583 vitae
921 1543 1059 1584 civilis
1080 1559 1219 1598 usum,
1252 1560 1401 1586 verum

59 1604 187 1644 etiam
219 1602 273 1643 ad
303 1600 480 1642 deorum
510 1599 802 1654 cognitionem
832 1599 1062 1655 plurimum
1096 1601 1280 1642 valeant.
1331 1601 1401 1642 De

59 1660 214 1715 quibus
245 1666 386 1700 tamen
416 1656 655 1711 disciplinis
686 1656 934 1710 priusquam
967 1657 1211 1698 instituitur
1255 1658 1402 1713 dispu-

58 1717 189 1770 tatio,
229 1714 511 1757 Atheniensis
561 1713 630 1754 ille
673 1712 855 1770 hospes,
899 1714 972 1767 qui
1020 1715 1157 1770 ipsius
1207 1715 1400 1756 Platonis

58 1785 202 1830 partes
242 1773 448 1824 sustinet,
490 1786 530 1826 p.
563 1771 657 1811 818.
699 1770 749 1811 E.
800 1783 948 1825 aperte
991 1771 1219 1827 profitetur
1260 1771 1399 1813 videri

58 1831 140 1873 sibi
173 1829 471 1871 difficillimum
516 1842 630 1880 esse,
667 1826 751 1867 iam
790 1842 905 1868 nunc
943 1828 988 1868 in
1028 1835 1149 1870 tanta
1179 1828 1400 1871 hominum

58 1887 243 1938 inscitia,
277 1901 361 1939 qua
390 1885 470 1925 hae
504 1890 615 1925 artes
647 1884 734 1924 fere
767 1884 989 1939 neglectae
1019 1885 1201 1938 iaceant,
1235 1885 1400 1940 aliquid

59 1944 112 1985 de
152 1944 204 1984 iis
248 1943 418 1998 publice
473 1940 944 1995 praescribereatque
993 1941 1162 1996 legibus
1217 1943 1398 1995 sancire,

56 2001 241 2054 ideoque
274 1999 407 2041 satius
439 1998 528 2038 fore
563 1996 808 2049 arbitratur,
843 1997 878 2038 si
910 1997 989 2038 hac
1020 2012 1063 2037 re
1101 1998 1147 2039 in
1179 1999 1400 2054 praesenti

59 2056 358 2113 praetermissa
389 2055 472 2096 alio
504 2062 697 2109 tempore
729 2053 847 2109 leges
891 2054 1244 2109 promulgentur,
1287 2070 1399 2110 quae

57 2115 141 2156 huc
171 2114 426 2168 pertineant.
489 2110 761 2164 Quamquam
803 2111 895 2165 ipse
937 2110 1092 2152 deinde
1134 2112 1186 2153 de
1226 2112 1399 2154 institu-

55 2172 173 2213 tione
205 2168 505 2211 mathematica
536 2166 833 2209 acommodate
865 2167 919 2207 ad
961 2183 1231 2210 communem
1261 2169 1398 2210 homi-

57 2244 158 2268 num
190 2233 363 2281 captum
396 2241 445 2266 ea
483 2224 691 2280 explicat,
737 2239 845 2278 quae
886 2240 961 2280 pro
1001 2226 1215 2280 praesenti
1255 2241 1398 2267 rerum

57 2283 305 2325 conditione
336 2283 499 2323 utiliter
529 2281 787 2336 explicatum
819 2281 868 2322 iri
902 2296 1073 2335 sperare
1103 2282 1243 2324 liceat.
1311 2282 1397 2324 Hie

57 2341 190 2396 igitur
228 2354 338 2381 unus
378 2338 498 2380 locus
541 2345 629 2392 est,
673 2353 759 2392 quo
807 2337 992 2393 scriptor
1040 2346 1260 2393 permotus
1301 2354 1397 2381 esse

57 2396 228 2438 videtur
266 2402 397 2449 atque
438 2395 670 2450 impulsus,
712 2401 760 2435 ut
803 2394 857 2435 ad
898 2395 1187 2450 supplendum
1228 2395 1397 2437 scilicet

58 2461 101 2495 et
131 2452 440 2494 absolvendum
472 2452 638 2507 Legum
667 2452 986 2493 Platonicarum
1018 2466 1127 2506 opus
1154 2451 1393 2494 accederet.

58 2509 231 2566 Quippe
271 2509 441 2564 putavit
478 2508 618 2550 locum
658 2523 853 2550 mancum
895 2523 987 2550 esse
1030 2515 1160 2562 atque
1196 2509 1396 2565 imperfe-

58 2574 173 2608 ctum
199 2582 248 2608 ac
268 2566 392 2608 simul
424 2565 551 2606 etiam
582 2565 773 2606 futurum
804 2580 898 2607 esse
920 2565 1001 2606 sibi
1021 2567 1251 2620 persuasit,
1283 2572 1332 2608 ut
1359 2567 1394 2608 si

58 2622 175 2664 illum
205 2623 478 2679 explevisset,
517 2636 602 2662 una
631 2621 866 2676 eademque
895 2636 1048 2678 opera,
1091 2637 1200 2677 quae
1231 2622 1286 2664 ad
1317 2638 1394 2664 no-

57 2685 303 2722 cturnorum
332 2679 656 2736 magistratuum
684 2678 998 2721 institutionem
1028 2677 1245 2735 deessent,
1278 2694 1393 2722 com-
