1781 2971
217 834 259 875 D
300 841 521 890 τεθνάτω,
559 841 638 883 &oin
674 840 714 895 γ’

294 125 376 167 380

809 125 1194 170 PLATONIS

297 241 511 291 νενοηκῶς
548 238 664 282 ἅττα
702 235 741 301 ᾖ,
777 241 990 285 κοινούτω
1029 245 1087 297 τῷ
1126 242 1324 297 συλλόγῳ
1357 240 1539 286 ἅπαντι.
1573 244 1646 285 καὶ

225 305 262 346 C
295 306 374 349 ἐάν
424 322 466 348 τε
511 309 647 360 μηδὲν
695 311 851 363 χείρων
898 312 1004 364 μηδὲ
1048 327 1086 352 τι
1141 312 1324 364 βελτίων
1368 308 1488 362 ἥκειν
1531 308 1648 368 δόξῃ,

293 372 428 428 χάριν
464 374 572 425 γοῦν
611 375 688 426 τῆς
725 374 901 429 σφόδρα
938 381 1200 431 προθυμίας
1235 379 1465 419 αἰνείσθω·
1497 375 1576 418 ἐὰν
1605 377 1648 417 δὲ

297 438 410 482 πολὺ
446 441 648 493 βελτίων,
689 441 802 484 πολὺ
842 442 878 482 τ’
923 447 1191 485 ἐπαινείσθω
1229 445 1403 496 μᾶλλον
1439 445 1534 495 ζῶν,
1584 459 1648 484 τε-

298 506 574 557 λευτήσαντά
626 524 669 549 τε
724 516 870 561 τιμαῖς
923 508 1063 552 αὐτὸν
1117 509 1440 565 προςηκούσαις
1491 508 1516 560 ἡ
1565 511 1651 550 τῶν

298 576 621 626 συλλεγομένων
660 575 824 629 τιμάτω
862 575 1059 628 δύναμις.
1107 576 1186 619 ἐὰν
1221 580 1264 619 δὲ
1310 578 1653 634 διαφθαρμὲνος

297 638 547 697 ἀφικέσθαι
582 640 709 700 δόξῃ,
745 644 895 695 μηδενὶ
944 644 1242 697 ξυγγιγνέσθω
1288 644 1395 696 μήτε
1432 648 1512 696 νέῳ
1548 643 1652 695 μήτε

299 709 574 762 πρεσβυτέρῳ
611 709 988 763 προς-ποιούμενος
1025 710 1135 753 εἶναι
1171 711 1323 768 σοφός.
1362 713 1432 752 καὶ
1463 708 1542 752 ἐὰν
1573 712 1653 763 μὲν

299 778 517 826 πείθηται
560 783 652 824 τοῖς
695 773 928 831 ἄρχουσιν,
981 778 1157 829 ἰδιώτης
1202 777 1325 830 ζήτω,
1370 775 1449 820 ἐὰν
1493 779 1538 819 δὲ
1579 778 1652 830 μή,

755 847 800 884 ὲν
837 846 1101 898 δικαστηρίῳ
1138 842 1232 899 ἁλῷ
1270 845 1653 898 πολυπραγμονῶν

302 925 340 950 τι
377 911 472 961 περὶ
512 908 592 960 τὴν
628 911 832 951 παιδείαν
868 914 937 952 καὶ
977 911 1080 961 τοὺς
1117 910 1294 965 νόμους.
1335 910 1411 952 ἐὰν
1449 912 1490 952 δὲ
1528 907 1653 960 ἄξιον

298 977 410 1018 ὄντα
436 980 495 1024 εὶς
530 975 816 1029 δικαστήριον
839 977 1023 1030 εὶςάγειν
1058 977 1289 1033 ἀρχόντων
1311 979 1458 1031 μηδεὶς
1495 975 1654 1037 εὶςοὶγῃ,

299 1040 471 1090 ὄνειδος
519 1041 779 1084 ἀποκείσθω
818 1053 910 1094 τοῖς
959 1043 1172 1100 ἄρχουσιν
1210 1049 1268 1094 εὶς
1308 1047 1387 1096 τὴν
1427 1045 1512 1085 τῶν
1547 1043 1653 1098 αρι-

298 1112 450 1153 στείων
489 1111 782 1151 διαδικασίαν.

395 1236 493 1271 ἅττα
516 1234 536 1279 ᾖ
573 1237 813 1283 κοινούτω]
842 1240 956 1280 Vulgo
983 1238 1064 1272 ἅττα
1092 1237 1112 1282 ἢ
1138 1239 1319 1273 κοινούτω.
1357 1241 1524 1282 Plerique
1550 1241 1652 1273 codd.

305 1295 382 1316 cum
411 1287 453 1317 A.
487 1282 525 1316 Ω.
552 1285 589 1319 Ξ.
619 1284 698 1317 ἄιτα
724 1290 760 1328 ηῖ
791 1287 973 1319 κοινούτω.

1022 1287 1149 1329 Margo
1182 1288 1354 1319 librorum
1383 1285 1423 1319 Ω.
1449 1297 1481 1320 a.
1508 1297 1536 1320 c.
1571 1284 1652 1319 ἄιτα

305 1328 394 1373 ἥκοι,
423 1330 610 1370 κοινούτω,
636 1333 729 1373 quod
755 1333 868 1364 edidit
892 1332 1091 1373 Bekkerus,
1116 1335 1196 1366 aliis
1222 1333 1454 1365 imitantibus.

350 1378 394 1409 D.
445 1375 521 1408 ἐάν
546 1375 585 1419 γ’
614 1377 656 1409 ἐν
681 1377 868 1420 δικαστ.]

304 1424 350 1455 A.
378 1428 411 1455 et
435 1433 488 1465 pr.
520 1421 559 1455 Ω.
587 1423 624 1455 δὲ
648 1435 712 1465 pro
739 1421 769 1467 γ’
795 1423 844 1456 ἐν.

305 1468 335 1501 δ.
362 1471 531 1510 neglectis
557 1471 716 1503 codicum
743 1471 915 1512 vestigiis.

896 1378 994 1410 Libri
1023 1378 1045 1410 τ’
1072 1378 1120 1411 ἐν.
1147 1379 1312 1411 Correxit
1333 1379 1544 1420 Stephanus.
1572 1378 1653 1412 Par.

894 1424 1084 1466 Perperam
1109 1425 1346 1458 Schneiderus
1372 1426 1499 1458 edidit:
1532 1422 1592 1456 ἐὰν
1617 1423 1654 1456 ἐν

397 1512 416 1547 ὁ
441 1514 513 1555 μὲν
539 1514 586 1558 δὴ
615 1516 783 1558 πρῶτός
806 1516 865 1558 τε]
893 1527 926 1548 τε
952 1517 1110 1548 additum
1137 1527 1177 1548 ex
1205 1518 1249 1551 A.
1281 1514 1319 1551 Ω.
1346 1529 1377 1549 v.
1403 1517 1428 1549 f.
1454 1527 1482 1549 r.
1509 1527 1541 1548 a.
1568 1515 1596 1548 δ,
1622 1527 1652 1548 ο.

302 1607 482 1647 exhibent,
508 1608 605 1639 aliud
631 1609 714 1649 quid
739 1609 848 1640 latere
873 1609 945 1639 exi-

302 1655 482 1685 stimemus
508 1664 611 1694 quam
638 1655 733 1695 quod
765 1655 872 1686 ceteri
904 1654 944 1685 li-

302 1699 356 1730 bri
383 1704 524 1730 tuentur
557 1693 668 1740 εὗρεν.
725 1699 816 1731 Nam
850 1700 944 1742 quod

299 1745 685 1777 Winckelmannus
710 1746 791 1778 inde
808 1746 946 1778 extudit

299 1787 424 1830 εὑρών,
441 1792 476 1822 id
493 1801 703 1832 magnopere
725 1802 883 1824 veremur
907 1796 944 1822 ut

299 1838 438 1868 idoneis
454 1836 651 1869 rationibus
666 1839 807 1869 defendi
826 1843 941 1879 queat.

301 1882 406 1920 Quod
441 1888 555 1915 autem
597 1883 942 1915 schrammius

301 1928 446 1966 Quaest.
478 1930 520 1960 de
535 1931 713 1962 nonnullis
730 1930 816 1961 locis
832 1931 942 1971 Legg.

301 1974 393 2009 Plat.
440 1975 589 2016 Speeim.
632 1975 668 2008 V.
714 1986 746 2017 p.
786 1975 829 2009 14
867 1986 943 2018 sqq.

302 2023 413 2054 eruit:
461 2015 562 2061 εὗρεν
605 2019 626 2063 ἢ
669 2030 761 2053 τινας
806 2022 946 2062 ἔχοντας

303 2066 462 2108 φράζειν,
487 2069 576 2099 mira
602 2077 686 2099 sane
712 2069 840 2099 accidit
856 2078 945 2109 quae

301 2115 370 2146 isto
424 2118 546 2155 pacto.
575 2113 725 2145 efficitur
766 2115 944 2154 oppositio

303 2161 395 2192 inter
425 2158 495 2190 τινὰ
529 2156 646 2200 φήμην
686 2159 786 2190 τινῶν
825 2165 859 2190 et
900 2171 944 2190 τι-

303 2206 366 2238 νὰς
390 2206 529 2246 ἔχοντας
555 2203 710 2246 φράζειν,
736 2206 945 2246 praesertim

305 2263 410 2294 quum
438 2251 579 2294 φράζειν
604 2253 679 2283 sine
708 2261 792 2283 casu
818 2252 944 2283 obiecti

304 2300 458 2340 positum
491 2300 536 2330 sit
562 2308 672 2339 neque
698 2299 842 2329 omnino
860 2298 945 2329 satis

304 2345 446 2377 definite
471 2346 612 2376 dictum.
639 2343 762 2386 Neque
787 2343 945 2385 profecto

306 2391 416 2423 redux
443 2391 684 2432 peregrinator
702 2391 812 2422 iuberi
831 2394 948 2430 potest

304 2447 467 2477 narrare,
499 2437 672 2478 quidquid
706 2437 894 2477 garrierint
918 2437 947 2468 si

305 2484 364 2524 qui
380 2483 423 2515 do
448 2483 696 2523 legumlatione
711 2487 745 2513 et
760 2483 948 2523 disciplina

305 2529 431 2561 alicubi
459 2530 567 2561 verba
593 2528 756 2566 securium
790 2528 876 2560 illud
908 2539 945 2559 u—

308 2586 388 2606 num
415 2575 457 2606 ab
488 2586 528 2607 eo
555 2575 723 2615 postulari
743 2575 884 2614 dieitur,
911 2580 947 2604 nt

307 2621 447 2653 effata
470 2621 694 2662 sapientium,
719 2621 747 2653 si
775 2631 863 2661 quae
884 2631 946 2651 un-

307 2666 489 2708 decunque
523 2667 717 2706 acceperit,
757 2667 945 2698 conventui

307 2712 437 2746 referat
461 2719 636 2754 tamqnam
665 2722 768 2745 voces
794 2712 943 2745 divinio-

1013 1617 1080 1640 res.
1112 1607 1154 1639 Id
1176 1608 1272 1640 enim
1297 1609 1515 1649 significatur
1539 1605 1654 1649 φήμης

1013 1655 1203 1694 vocabulo,
1241 1655 1282 1686 de
1319 1655 1422 1686 cuius
1454 1665 1519 1685 usu
1554 1665 1652 1695 prae-

1013 1700 1108 1731 clara
1140 1705 1191 1731 est
1227 1700 1420 1741 disputatio
1459 1700 1653 1741 Wytten-

1012 1745 1162 1777 bachii
1188 1746 1232 1778 ad
1258 1747 1387 1778 Iuliani
1404 1745 1501 1777 Orat.
1529 1747 1563 1777 in
1580 1747 1652 1778 lau-

1012 1791 1088 1822 dem
1119 1792 1316 1823 Constantii
1345 1803 1376 1833 p.
1401 1792 1465 1826 151
1494 1803 1570 1834 sqq.
1599 1793 1653 1826 ed.

1013 1836 1174 1869 Sch'iifer.
1223 1838 1296 1869 Iam
1324 1848 1406 1873 veno
1434 1839 1528 1879 quod
1552 1839 1652 1870 addi-

1011 1888 1085 1915 tur:
1111 1884 1176 1915 εἴτε
1201 1884 1254 1914 καὶ
1279 1881 1385 1916 αὐτὸς
1404 1881 1576 1926 νενοηκὼς
1596 1882 1653 1916 ἅτ-

1013 1940 1051 1960 τα
1080 1923 1116 1970 ᾖ,
1151 1940 1295 1971 prorsus
1322 1931 1442 1962 eodem
1469 1931 1574 1962 modo
1601 1932 1650 1962 in-

1011 1980 1064 2007 ter
1090 1985 1127 2007 se
1153 1982 1379 2017 opponuntur
1404 1974 1595 2014 μανθάνειν
1619 1982 1654 2008 et

1013 2018 1196 2062 εὑρίσκειν.Δ
1213 2033 1360 2063 quorum
1382 2023 1529 2054 alterum
1546 2024 1653 2064 signi-

1012 2069 1094 2099 ficat
1122 2069 1170 2100 ab
1198 2069 1302 2100 aliis
1337 2070 1489 2100 audire
1515 2078 1561 2100 ac
1586 2069 1652 2100 di-

1014 2124 1148 2153 scere,
1180 2115 1326 2146 alterum
1361 2115 1500 2156 ipsum
1536 2124 1651 2155 repe-

1013 2161 1100 2192 rire
1125 2161 1366 2201 cogitando
1387 2165 1428 2191 et
1448 2160 1654 2192 meditan-

1014 2206 1034 2236 d
1048 2215 1086 2245 ος
1113 2207 1211 2237 cuius
1238 2207 1287 2238 rei
1306 2207 1463 2247 exempla
1479 2207 1524 2237 ad
1544 2206 1652 2239 Phae-

1014 2252 1096 2282 don.
1128 2262 1159 2292 p.
1187 2251 1243 2284 81.
1271 2252 1314 2282 D.
1341 2253 1531 2283 attulimus.
1579 2252 1653 2285 Nec

1016 2307 1097 2328 vero
1122 2298 1321 2338 scrupulum
1348 2299 1481 2330 iniiciet
1513 2292 1533 2338 ᾗ
1571 2308 1652 2331 cou-

1013 2344 1189 2375 iunctivus
1227 2350 1308 2385 post
1341 2345 1406 2376 εἴτε
1439 2345 1576 2380 illatus,
1610 2346 1654 2377 de

1013 2390 1112 2420 cuius
1138 2400 1201 2421 usu
1228 2392 1320 2422 infra
1353 2391 1395 2422 ad
1433 2401 1466 2432 p.
1493 2389 1571 2424 958.
1607 2391 1652 2422 D.

1013 2437 1211 2468 acam-atius
1238 2438 1475 2478 exposuimus.
1536 2435 1653 2478 Signi-

1013 2482 1137 2514 ficmur
1161 2483 1252 2514 enim
1279 2484 1327 2514 rei
1354 2483 1500 2515 facultas
1519 2493 1588 2514 non
1609 2483 1652 2514 ab

1016 2529 1118 2559 rebus
1143 2530 1296 2560 externis
1319 2534 1411 2570 apta,
1435 2529 1495 2560 sed
1517 2530 1552 2560 in
1576 2529 1654 2569 ipsa

1015 2584 1051 2605 re
1076 2580 1180 2615 atque
1206 2576 1324 2606 indole
1350 2575 1502 2606 hominis
1525 2576 1652 2615 posita,

1015 2626 1051 2651 ut
1082 2622 1257 2653 sententia
1281 2622 1366 2652 lmec
1395 2622 1457 2652 sit:
1489 2621 1582 2651 sive
1613 2627 1654 2652 et

1014 2667 1108 2707 ipse
1141 2677 1219 2708 pro
1254 2677 1331 2699 sua
1365 2666 1584 2698 facult-ate
1614 2672 1654 2697 et

1015 2723 1153 2744 rer-uin
1181 2713 1533 2753 experientia
1569 2712 1651 2744 sibi
