1781 2971
291 152 373 191 220
760 147 1151 191 PLATONIS

291 265 431 308 τυπον
470 265 555 306 ἴδοι
585 271 701 313 ποτε,
739 265 840 308 οὐδὲ
878 265 1015 320 λόγον
1048 266 1388 320 ξυμβαλλεσθαι
1418 267 1637 320 περὶβίου

296 329 487 380 δυνατὸς
520 328 578 372 ἂν
627 335 797 385 γένοιτο
830 336 889 381 εὶς
936 331 1222 386 εὐδαιμονίαν
1259 348 1303 374 τε
1352 335 1426 374 καὶ
1470 334 1639 386 δυςὸᾳί-

293 415 411 452 μονα
458 395 616 452 τύχην.
667 399 809 440 ταῦτα
846 403 882 440 εὶ
924 404 1001 452 μέν
1037 414 1083 441 σε
1128 400 1277 441 πείθει
1316 399 1520 448 Κλεινίας
1567 396 1638 440 ὅὸε

295 468 367 507 καὶ
411 462 617 518 ξύμπασα
662 463 784 519 ἡμῶν
819 462 894 516 ἥδε
931 462 957 516 ἡ
1003 469 1231 520 γερουσία,
1277 467 1373 521 περὶ
1416 467 1539 507 θεῶν
1584 463 1641 513 ὡς

294 532 374 574 οὐκ
410 530 552 572 οἶσθα
589 529 612 573 ὅ
653 548 693 574 τι
729 534 878 586 λὲγεις,
914 533 1058 581 καλῶς
1092 532 1150 574 ἅν
1187 547 1259 574 σοι
1295 530 1317 574 ὁ
1358 531 1470 581 θεὸς
1504 530 1642 579 αὐτὸς

295 597 617 652 ξυλλαμβάνοι·
664 602 700 641 εὶ
736 598 774 641 δ’
817 597 989 649 ἐπιδεὴς
1024 602 1088 639 ἔτι
1122 598 1256 652 λόγου
1294 597 1413 648 τινος
1446 595 1504 640 ἂν
1540 597 1641 648 εἴης,

296 665 515 719 λεγόντων
560 662 684 719 ἡμῶν
730 663 841 721 πρὸς
877 663 956 706 τὸν
1001 669 1150 719 τρίτον
1198 663 1409 716 ἐπάκουε,
1454 669 1489 707 εὶ
1532 665 1642 706 νοῦν

298 739 372 774 και
409 729 613 780 ὁπωςοῦν
647 735 769 786 ἔχεις.
805 730 873 773 ὅτι
905 733 984 786 μὲν
1014 730 1100 786 γὰρ
1138 734 1245 774 θεοί
1272 730 1311 774 τ’
1354 734 1433 775 εἰσὶ
1461 734 1534 774 καὶ
1562 729 1643 773 ἀν-

298 796 499 855 θρώπων
534 800 866 851 ἐπιμελοῦνται,
908 801 1039 852 ἔγωγε
1075 797 1128 841 οὐ
1174 798 1435 841 παντάπασι
1467 795 1643 857 φαύλως

298 862 357 907 ἂν
394 867 534 924 φαίην
569 863 676 919 ἡμῖν
708 864 1049 920 ἀποδεδεῖχθαι·
1090 863 1139 907 τὸ
1176 867 1221 908 δὲ
1260 863 1564 922 παραιτητοὺς
1586 857 1644 906 αὖ

394 1015 496 1050 οὐδὲ
520 1016 651 1060 λόγον
675 1016 1031 1060 ξυμβάλλεσθαι]
1058 1015 1133 1051 οὐδ’
1157 1018 1200 1052 ἂν
1230 1019 1359 1062 λόγους
1392 1019 1473 1051 Vat.
1500 1018 1523 1050 f.
1550 1017 1642 1050 Flor.

302 1076 335 1097 o.
368 1075 475 1106 marg.
516 1061 552 1095 Ω.
587 1074 619 1095 a.
654 1075 681 1095 c.
714 1064 744 1095 δ.
780 1071 815 1097 et
841 1075 949 1107 marg.
987 1064 1109 1107 steph.
1139 1066 1233 1107 quod
1267 1077 1287 1099 a
1317 1064 1564 1098 Turicensibus
1591 1074 1644 1097 re-

301 1117 439 1153 ceptum
465 1112 539 1142 iure
565 1109 710 1141 mireris.

395 1166 461 1188 σοι
497 1153 516 1186 ὁ
546 1153 654 1186 θεὸς
683 1151 842 1198 αὐτὸς]
903 1158 1092 1189 Articulum
1129 1153 1148 1187 υ’
1181 1166 1248 1188 om.
1280 1157 1313 1188 h.
1340 1160 1386 1189 et.
1413 1156 1443 1187 δ.
1489 1154 1576 1188 Nam
1603 1155 1646 1187 de

305 1207 342 1234 Α.
376 1207 411 1234 et
445 1212 495 1243 pr.
525 1203 585 1241 sl„
618 1211 707 1242 quos
747 1201 925 1234 Bekkerus
965 1209 1080 1234 narrat
1119 1202 1263 1234 eandem
1297 1201 1421 1235 habere
1452 1201 1646 1240 lectionem,

301 1257 405 1289 quum
432 1248 514 1280 alias
539 1248 584 1279 ob
612 1257 774 1291 cnirssas,
805 1252 876 1280 tum
905 1254 1046 1290 propter
1068 1248 1177 1281 Bastii
1202 1248 1374 1280 silentium
1401 1249 1519 1289 utique
1548 1247 1647 1279 dubi-

301 1300 426 1326 tamus.
477 1293 601 1325 Omisit
627 1293 657 1324 in
683 1297 848 1325 contextu
878 1294 1024 1326 ssekker.
1053 1291 1091 1335 ὁ,
1117 1294 1272 1326 fortasse
1297 1304 1425 1326 errore.
1477 1293 1648 1325 Consulto

302 1340 403 1373 eiecit
427 1337 589 1371 Schneid.

393 1383 432 1416 εἰ
461 1383 494 1416 δ’
530 1382 711 1425 ἐπιδεὴς
743 1384 804 1415 ἔτι
840 1384 996 1428 λόγου]
1047 1385 1108 1417 Sic
1144 1382 1183 1417 Ω.
1218 1395 1247 1416 v.
1281 1383 1304 1417 f.
1331 1384 1360 1417 h.
1388 1395 1414 1417 r.
1441 1395 1471 1416 a.
1497 1394 1526 1416 c.
1556 1381 1585 1416 ὃ.
1613 1395 1644 1416 ο.

303 1431 384 1464 Eua.
418 1431 535 1472 Vulgo
569 1430 619 1462 ἔτι
655 1434 736 1472 post
769 1429 878 1473 λόγου
908 1432 1157 1464 collocabatur.
1214 1430 1413 1463 Pronomen
1447 1427 1540 1462 τινός
1579 1440 1646 1463 om.

303 1545 398 1577 cuius
447 1543 668 1575 coniecturae
717 1543 748 1575 ei
787 1543 944 1574 lubenter

303 1590 448 1632 gratiam
478 1589 656 1622 habemus.
683 1607 724 1611 ——
774 1585 870 1620 οὐδ’
895 1585 943 1619 ἂν

305 1634 437 1668 τύπον
462 1634 552 1666 ἴδοι
585 1633 686 1665 ποτὲ
720 1630 939 1676 0136320'21.

306 1679 658 1722 ξυμβάλλεσθαι,
718 1690 796 1713 nec
851 1680 940 1712 for-

305 1738 408 1761 mam
435 1726 727 1759 adumbratam
756 1736 940 1766 unquam

1012 1548 1119 1581 test,
1162 1544 1265 1574 falls
1299 1544 1370 1575 wir
1403 1542 1498 1575 dieb
1530 1541 1647 1575 nicht

1012 1590 1333 1629 uberzeugten.
1396 1588 1454 1620 Sic
1498 1590 1648 1630 explices

1012 1635 1114 1666 etiarn
1142 1634 1287 1675 Eurip.
1314 1634 1484 1666 Androm.
1513 1644 1543 1669 v.
1570 1634 1645 1668 770.

1014 1680 1135 1712 Helen.
1185 1680 1265 1714 825.
1314 1679 1512 1720 Xenoph.
1567 1681 1646 1722 Cyr.

1014 1726 1070 1760 ΙΙΙ,
1098 1725 1150 1764 3.,
1176 1726 1232 1760 37.
1256 1726 1312 1759 55.
1339 1725 1398 1759 IV.
1433 1727 1467 1765 2,
1498 1726 1554 1759 37.
1582 1726 1646 1757 1v.

301 1773 567 1805 videbituec
587 1782 941 1804 sermonemcou·

301 1819 412 1851 serre.
449 1819 621 1860 poterit
657 1818 708 1851 de
746 1818 854 1858 vita,
891 1815 941 1849 ad

302 1866 573 1898 felicitatem
622 1870 665 1896 et
709 1863 940 1896 adversam

304 1911 528 1944 fortunam
591 1916 797 1951 quantum
845 1920 942 1952 per-

303 1957 433 1989 tinet.
496 1957 544 1988 De
578 1967 608 1988 v.
648 1954 764 1994 τύπος.
806 1966 836 1987 v.
863 1965 939 1988 ann.

304 2004 346 2035 ad
376 2001 505 2035 Plnileb.
531 2013 563 2043 p.
591 2002 645 2036 61.
674 2006 714 2034 Α.

374 2069 449 2113 ἥδε
489 2067 509 2112 ἡ
546 2070 773 2113 γερουσία]
826 2069 869 2101 Η.
910 2080 939 2102 e.

303 2117 427 2149 diese
459 2116 803 2149 Greisenschaft
836 2114 940 2153 hier,

305 2160 399 2205 ἡμεῖς
425 2161 496 2194 οἵδε
521 2161 558 2193 οἱ
571 2163 738 2205 γέροντες.
762 2172 791 2193 v.
809 2161 942 2193 aXml.

305 2221 337 2250 p.
369 2209 447 2244 950.
490 2209 530 2239 D.

354 2290 417 2310 σοι
457 2275 475 2310 ὁ
519 2276 623 2310 &ebs
664 2272 798 2307 αὐτὸς

307 2322 542 2366 λαμβάνοι]
572 2323 614 2355 H.
642 2334 670 2355 c.
699 2323 826 2353 iuvet.
854 2333 882 2352 v.
900 2321 942 2353 ad

306 2383 338 2413 p.
374 2371 453 2406 897.
489 2371 532 2402 D.
576 2371 657 2401 Mox
698 2369 742 2400 de
779 2367 876 2399 εί-
902 2363 944 2399 ἂν

305 2419 376 2458 εἴης
411 2428 442 2449 ν.
477 2427 564 2448 επιιι.Δ
594 2415 635 2447 acl
683 2414 862 2455 Protagor.
909 2423 942 2455 p.

305 2463 386 2498 329.
408 2462 448 2495 B.
466 2462 604 2494 Menon.
621 2472 652 2503 p.
673 2460 727 2494 79.
743 2460 782 2492 C.
822 2459 943 2491 Enim-

306 2518 389 2541 vero
433 2507 587 2539 conditio
633 2517 751 2538 rursus
799 2515 839 2537 ex
882 2505 945 2536 alia

307 2553 506 2587 conditione
536 2563 704 2593 suspensa
737 2556 805 2589 est,
839 2560 943 2592 quan-

306 2599 493 2641 doquidem
521 2610 561 2631 ox
589 2597 873 2630 antecedentibus
900 2597 948 2628 in·

307 2646 418 2687 telligi
452 2650 591 2686 oportet
622 2644 655 2675 εἰ
684 2644 720 2675 σὲ
743 2641 788 2684 μὴ
815 2642 946 2674 πείθοι·

306 2702 376 2731 μεν,
403 2701 515 2723 wenn
543 2689 592 2721 dn
619 2690 725 2722 aber
751 2690 856 2721 noch
883 2689 942 2721 ei·

310 2747 383 2770 ner
423 2737 582 2769 andern
619 2735 737 2769 Rede
774 2733 945 2767 bediirt‘-

842 2274 941 2314 ξυλ-

1009 1772 1044 1810 5,
1073 1771 1129 1805 47.
1172 1770 1396 1805 Demosth.
1437 1782 1498 1814 pro
1533 1772 1648 1803 Coron

1013 1829 1044 1859 p.
1071 1817 1171 1851 1108.
1199 1818 1226 1859 ξ.
1254 1817 1310 1851 23.
1345 1817 1423 1848 adv.
1459 1817 1585 1861 Eubul.
1615 1828 1646 1859 p.

1010 1863 1111 1898 1300.
1157 1864 1188 1905 ξ.
1233 1864 1264 1898 3.
1305 1863 1382 1894 adv.
1429 1864 1559 1907 Polycl.
1615 1874 1647 1906 p.

1011 1910 1112 1944 1206.
1141 1909 1174 1950 §5
1200 1910 1231 1943 2.
1260 1911 1302 1942 al.

1059 1952 1258 1987 A'ciumz'
1295 1954 1430 1991 εἶπες,
1461 1954 1650 1994 ποιῶμέν

1012 2002 1074 2043 τε]
1103 2001 1142 2033 V.
1167 2001 1210 2034 ad
1238 2012 1272 2044 p.
1298 2001 1378 2036 893.
1406 2003 1445 2033 A.

1058 2048 1142 2089 Cap.
1171 2047 1265 2080 Xlll.
1322 2048 1428 2089 Φέρε
1463 2044 1509 2086 δὴ
1544 2045 1651 2088 πρὸς

1013 2096 1130 2125 θεῶν
1163 2093 1230 2134 -]
1264 2094 1366 2126 Quae
1395 2090 1474 2123 inde
1506 2092 1548 2123 ab
1586 2091 1650 2124 hoc

1012 2140 1091 2171 loeo
1118 2138 1352 2178 disseruntur,
1375 2148 1415 2170 ea
1441 2137 1540 2179 plane
1566 2147 1650 2170 con-

1013 2185 1154 2217 veniunt
1188 2194 1266 2216 cum
1301 2184 1361 2223 iis,
1403 2192 1494 2223 quae
1526 2183 1649 2215 Socra—

1013 2236 1081 2263 tem
1114 2230 1157 2261 de
1191 2229 1253 2261 bac
1279 2239 1314 2262 re
1339 2229 1504 2261 statuisse
1532 2228 1650 2262 Xeno-

1013 2275 1101 2318 phon
1142 2285 1207 2307 non
1251 2285 1318 2307 uno
1371 2276 1450 2307 loco
1490 2278 1648 2308 testatur.

1012 2322 1098 2355 Nam
1133 2321 1279 2354 Memor.
1312 2321 1341 2352 Ι.
1368 2331 1396 2352 c.
1423 2320 1456 2354 4.
1491 2321 1652 2363 legimus,

1010 2369 1103 2400 illum
1129 2367 1329 2409 longissime
1346 2367 1503 2399 abfuisse
1522 2367 1565 2400 ab
1591 2378 1650 2401 eo·

1012 2424 1086 2447 rum
1118 2413 1271 2453 insania,
1314 2414 1369 2455 qui
1409 2423 1533 2446 numen
1566 2413 1651 2446 divi·

1012 2469 1091 2492 num
1118 2463 1279 2501 putarent
1304 2460 1355 2491 vel
1384 2458 1482 2491 donis
1498 2469 1651 2493 corrum-

1013 2506 1044 2547 pi
1067 2507 1119 2537 vel
1149 2505 1327 2536 sacrificiis
1354 2505 1446 2538 flecti
1463 2510 1497 2537 et
1523 2509 1652 2539 moveri

1016 2562 1138 2593 posse7
1164 2550 1323 2591 adeoque
1349 2550 1542 2592 professum
1561 2561 1653 2592 ease,

1018 2596 1186 2629 eiusmodi
1221 2597 1491 2629 imbecillitatem
1518 2596 1550 2628 iu
1579 2598 1653 2631 Deo

1018 2654 1059 2675 ne
1095 2653 1199 2684 posse
1233 2642 1368 2683 quidem
1401 2643 1477 2674 sine
1505 2645 1653 2677 scelesta

1018 2690 1195 2731 impietate
1220 2690 1375 2729 cogitari.
1411 2687 1652 2723 Quamobrem

1016 2735 1143 2768 ibidem
1185 2735 1286 2768 etiam
1327 2739 1482 2768 narratur
1513 2745 1654 2776 precum
