1781 2971
244 149 328 192 DE
362 144 637 191 LEGIBUS
672 144 789 187 LIB.
822 144 904 186 XI.
942 144 987 186 P.
1021 145 1115 187 921.
1151 142 1214 186 St.

1333 144 1413 185 275

55 268 146 321 γῶν
191 265 334 310 ὄντων
380 268 618 323 σωτηρίας,
667 263 928 319 στρατηγῶν
973 278 1016 304 τε
1063 264 1134 304 καὶ
1180 258 1280 304 ὅσοι
1317 262 1415 316 περὶ

55 336 200 376 ταῦτα
262 336 471 389 τεχνικοί,

533 334 705 375 δίκαιον
761 334 922 380 εἰπεῖν,
966 327 1037 372 ὅτι
1089 327 1140 371 τὸ
1197 327 1416 381 παράπαν

55 400 348 455 ἐμνησθημεν
394 400 697 456 δημιουργων,
753 396 812 447 ὡς
855 397 1032 445 τούτοις
1075 388 1156 444 αὖ,
1203 394 1415 451 καθάπερ

55 471 261 518 ἐκεινοις,
307 466 404 512 οἷον
440 471 604 522 ἑτέροις
642 458 740 508 οὖσι
773 467 1071 520 δημιουργοῖς,
1108 462 1186 504 ὲοὶν
1224 478 1288 510 τις
1323 458 1414 516 ἄρα

55 539 128 578 καὶ
176 535 346 579 τούτων
389 533 656 589 ἀνελόμενος
700 531 917 586 δημόσιον
967 528 1238 585 ἕ()γονέἰ’θ·’

56 739 370 764 commemoremus
383 754 392 769 ,

55 783 90 810 et
118 778 268 810 Astius
303 775 523 807 scribendum
558 784 702 807 censue-

53 827 150 854 runt:
184 839 230 846 ·—-
259 820 488 863 ἐξεργάσηται
527 820 597 851 καὶ
638 819 702 856 τὰς

53 867 156 909 τιμὰς
181 887 223 891 -
251 866 407 908 ἀποδιδῷ
432 867 569 903 δικαίως
596 864 614 897 o‘
642 865 695 897 νό-

53 926 118 957 μος
151 911 262 946 αὐτὸν
294 914 345 943 ἐπ.
370 925 398 943 κ.
429 925 461 944 τ.
487 912 516 943 λ.
553 912 699 944 Baite-

53 970 125 992 rus
154 959 279 999 corrigi
307 959 425 990 iussit:
453 958 698 1000 δημιουργοῖς,

53 1003 112 1037 ἐάν
140 1019 208 1045 τις,
242 1009 373 1037 mutata
406 1004 701 1045 interpunctione,

54 1057 92 1083 ut
125 1051 267 1086 roal-rote
308 1060 385 1082 cum
425 1049 487 1086 τὰς
518 1047 622 1090 τιμάς
657 1067 701 1074 -

52 1096 208 1140 ἀποδιδῷ
227 1095 423 1132 cohaereat,
441 1101 474 1128 et
494 1093 552 1126 ἐοῖν
568 1107 621 1130 -ιις
641 1106 702 1137 per

53 1143 307 1175 anacoluthiam
340 1141 513 1183 quandam
549 1146 618 1173 tam
660 1141 700 1172 ad

53 1188 296 1231 ἐξεργάσηται,
334 1197 433 1228 quam
471 1187 513 1218 ad
547 1186 702 1230 ἀποδιδῷ

54 1235 276 1266 referendum
318 1234 374 1265 sit.
424 1233 700 1265 Hermannus

53 1285 133 1323 post
173 1279 361 1322 ἐργάσηται
397 1279 626 1311 audacissime
653 1279 702 1310 in-

53 1327 226 1368 terposuit
253 1326 357 1357 verba
384 1323 401 1356 ὁ
431 1325 464 1357 δὲ
492 1325 621 1365 δῆμος,
645 1335 699 1356 re-

56 1373 154 1413 liquis
182 1371 256 1403 nihii
277 1371 432 1403 mutatis.
460 1370 589 1412 Wagn
602 1381 702 1403 erus

436 729 700 771 Stephanus

6 1434 16 1440 ·
57 1417 114 1449 καὶ
140 1421 219 1449 ante
247 1416 310 1453 τὰς
336 1416 440 1457 τιμάς
472 1422 530 1448 aut
561 1416 603 1448 οἴν
628 1417 702 1448 sive

52 1463 112 1496 ἐάν
138 1467 218 1495 ante
245 1462 405 1506 ἀποδιδῷ
443 1463 618 1495 excidisse
645 1472 702 1494 su-

54 1510 214 1551 spicatus
248 1513 312 1541 est.
343 1508 367 1539 S
385 1519 402 1539 c
419 1507 436 1539 h
455 1519 470 1540 r
487 1519 502 1540 a
523 1519 553 1541 m
573 1518 603 1540 m
620 1509 627 1539 i
644 1518 663 1540 u
685 1519 702 1540 s

53 1556 219 1589 Quaestt.
249 1555 292 1586 de
319 1555 488 1586 nonnuliis
517 1556 604 1587 iocis
631 1554 701 1586 Le-

53 1611 133 1643 gum
171 1601 306 1632 Piaton.
349 1600 453 1641 spec.
489 1602 532 1631 V.
570 1600 701 1641 (Giacii

53 1647 222 1681 a.1857.
261 1646 374 1687 edito)
410 1657 440 1686 p.
469 1646 523 1679 11.
559 1646 600 1677 ἅν
637 1657 702 1681 τις

54 1692 160 1735 τιμάς
196 1693 355 1724 coniecit.
399 1691 700 1724 Schneiderus

54 1738 200 1780 denique
217 1739 376 1779 scripsit.
402 1736 625 1790 ἓμιήοθῖχμεν
642 1738 700 1778 δη-

53 1787 245 1827 μιοιργῶν,
274 1782 318 1819 ὃς
345 1781 486 1820 τούτοις
505 1787 550 1815 αὐ
576 1797 603 1815 κ.
621 1797 652 1815 τ.
669 1783 698 1815 λ.

56 1830 90 1862 in
115 1831 168 1861 his
201 1829 413 1862 coniecturis
438 1829 514 1861 fere
540 1830 700 1862 omuibus

54 1876 135 1908 illud
158 1876 379 1908 vehementer
406 1874 580 1915 dispiicet‚
606 1874 700 1917 quod

54 1921 129 1954 fere
172 1926 304 1962 partem
347 1921 532 1961 vitiornm‚
578 1922 700 1962 quibus

56 1968 153 1999 locus
191 1966 445 1998 contaminatus
479 1971 551 2006 est,
585 1965 702 1999 levant

55 2014 108 2045 vei
136 2014 286 2053 tollunt,
326 2021 463 2044 omnem
499 2012 573 2043 eius
599 2013 700 2044 vitio·

55 2060 198 2091 sitatem
228 2069 294 2090 non
321 2063 512 2090 removent.
544 2058 618 2090 Una
650 2062 701 2089 ta-

56 2114 133 2137 men
164 2106 255 2136 inter
285 2115 343 2136 eas
381 2105 569 2144 reperitur,
611 2114 701 2145 quae

55 2150 132 2183 huic
148 2150 325 2182 desiderio
349 2151 470 2190 utique
487 2149 701 2182 satisfaciat:

56 2196 202 2229 dicimus
252 2196 485 2229 coniecturam
525 2195 700 2228 Schnei-

57 2241 172 2281 deri,
228 2252 321 2283 quae
376 2242 475 2273 sicuti
532 2241 701 2273 facilitate

58 2292 197 2328 praeter
245 2293 381 2320 ceteras
422 2288 701 2328 commendatur,

58 2334 103 2365 ita
130 2333 232 2365 etiam
260 2332 326 2365 hoc
353 2332 434 2365 boni
461 2332 579 2374 habet,
607 2333 701 2374 quod

57 2378 219 2411 universo
267 2379 346 2411 loco
394 2379 543 2411 saiutem
585 2380 701 2419 affert,

57 2423 246 2456 dummodo
287 2425 317 2456 in
353 2425 466 2456 locum
503 2426 702 2465 commatis,

58 2469 150 2527 quod
190 2471 248 2502 iiie
285 2470 374 2502 inter
412 2469 628 2513 δημιουργῶν
669 2476 704 2504 et

59 2514 100 2552 ὃς
124 2515 269 2553 τούτοις
302 2516 437 2556 posuit,
474 2518 576 2549 coion
609 2517 705 2550 suffi-

60 2562 190 2601 ciatur,
241 2560 526 2616 quandoquidem
565 2563 644 2596 inde
684 2573 705 2594 a

60 2607 196 2639 verbis:
232 2604 271 2644 ὃς
305 2605 450 2638 τούτοις
481 2620 525 2638 αυ
560 2620 588 2640 κ.
615 2621 646 2640 τ.
672 2608 703 2640 λ.

58 2654 135 2695 ipsa
167 2654 225 2686 lex
260 2652 450 2685 exorditur.
503 2653 574 2686 lsto
616 2654 704 2686 enim

60 2698 166 2731 modo
194 2702 362 2740 protenus
378 2698 490 2731 omnia
507 2699 590 2731 fiunt
615 2700 706 2732 clara

62 2749 98 2776 et
121 2745 308 2787 perspicua
336 2754 401 2776 nec
419 2743 604 2786 quidquam
632 2756 705 2778 am-

1305 527 1414 570 ἑκών

771 728 860 770 plius
886 725 929 758 ad
965 725 1033 758 ioci
1066 725 1298 766 integritatem
1326 725 1416 758 desi-

771 774 924 806 deratur.
972 773 1037 803 Est
1066 771 1153 803 enirn
1181 772 1248 803 loci
1276 776 1417 804 senten—

770 821 817 851 tia
836 824 906 851 tum
929 817 1031 849 haec:
1058 817 1324 858 Quicunque
1349 817 1416 849 his

769 864 1155 905 rursus(ducibus
1184 868 1226 895 et
1252 865 1411 896 artium

770 912 1035 944 bellicarum
1101 910 1284 950 peritis,
1341 910 1413 950 qui

769 962 871 989 sunt
904 957 1031 997 quasi
1061 954 1236 996 quidam
1278 956 1413 996 publi·

770 1014 847 1035 cae
889 1003 1052 1034 salutis
1094 1001 1334 1043 opifices),
1377 1001 1413 1033 si

768 1049 866 1090 quis
891 1058 1030 1081 eorum
1058 1047 1277 1089 publicum
1306 1058 1414 1088 opus

769 1096 836 1128 vei
869 1105 944 1126 sua
983 1098 1140 1135 sponte
1174 1095 1239 1125 vei
1267 1095 1413 1125 iussus

771 1140 999 1182 receperit
1031 1143 1073 1171 et
1115 1139 1414 1171 laudabiliter

772 1186 1036 1228 perfecerit,
1087 1184 1254 1218 debitos
1304 1185 1413 1227 (τὰς)

772 1232 982 1285 honoges‚
1020 1231 1088 1272 qui
1127 1231 1309 1264 scilicet
1343 1231 1412 1263 uni

771 1283 879 1311 sunt
912 1278 1104 1310 virorum
1146 1277 1411 1310 militarium

769 1335 937 1365 merces,
963 1323 1261 1365 (quandoquidem
1287 1324 1413 1356 civium
1442 1354 1449 1365 ,

772 1370 880 1403 honos
916 1374 949 1402 et
981 1370 1174 1402 reverentia
1209 1370 1274 1401 iliis
1309 1379 1412 1401 unum

771 1417 1026 1457 maximumque
1067 1414 1171 1446 debet
1203 1425 1282 1448 esse
1313 1415 1414 1448 meri-

772 1467 886 1495 torum
920 1470 1058 1493 snorum
1094 1461 1321 1502 praemium),
1356 1461 1411 1493 iu-

773 1514 841 1541 ste
891 1507 1112 1548 digneque
1173 1508 1413 1549 persolvit,

773 1564 866 1587 eum
895 1553 1063 1593 (honores
1097 1553 1136 1584 iis
1166 1553 1256 1585 iuste
1282 1553 1417 1594 persol-

773 1599 925 1641 ventem)
945 1601 1009 1631 {ex
1036 1608 1244 1639 nunquam
1273 1609 1416 1631 cessa-

772 1646 835 1678 bit
859 1645 1049 1678 laudare
1085 1645 1262 1685 (quoniam
1290 1651 1328 1675 ut
1353 1645 1412 1676 bo-

770 1702 832 1724 nus
872 1691 954 1723 civis
996 1690 1121 1722 ducum
1163 1694 1198 1723 et
1229 1691 1416 1732 peritorum

770 1738 919 1770 miiitum
956 1737 1078 1769 merita
1113 1733 1250 1777 promto
1276 1742 1416 1789 parato-

770 1794 838 1826 que
864 1784 977 1815 auimo
1011 1782 1225 1823 agnoverim
1260 1783 1293 1813 si
1322 1782 1414 1836 quis

770 1835 909 1862 nutem
945 1837 1056 1869 opus
1090 1827 1298 1860 bellicum
1330 1829 1413 1861 iam

770 1876 888 1918 (sicuti
916 1884 1002 1916 opus
1029 1874 1174 1906 alicuius
1199 1874 1345 1915 opificis,
1374 1873 1417 1906 de
1473 1897 1477 1901 >

770 1933 839 1963 quo
868 1932 900 1952 v.
929 1931 963 1961 p.
988 1920 1068 1955 921.
1086 1919 1146 1959 C.)
1172 1930 1416 1961 praecepe-

770 1969 829 1999 rit
872 1976 1016 2006 neque
1057 1964 1251 1996 debitam
1288 1965 1413 2004 (hono-

771 2014 832 2053 ris)
874 2010 1128 2045 mercedem
1172 2012 1418 2052 persolvat,

771 2068 861 2091 eum
892 2059 958 2090 lex
986 2056 1313 2098 vituperabit.“
1340 2057 1415 2088 Ita-

771 2115 841 2146 que
883 2103 947 2136 hoc
992 2101 1144 2144 praecipi
1195 2102 1416 2134 manifestum

773 2154 843 2189 est
881 2149 985 2181 duces
1014 2152 1049 2180 et
1080 2149 1174 2180 viros
1202 2158 1317 2180 rerum
1344 2149 1417 2181 bei-

769 2198 914 2228 licarum
941 2195 1097 2236 peritos,
1133 2194 1235 2226 sicuti
1261 2194 1417 2236 opifices,

769 2246 915 2285 propter
948 2241 1127 2282 praeclara
1163 2249 1280 2271 eorum
1310 2250 1418 2282 opera

770 2300 789 2322 a
821 2288 953 2320 civibus
972 2285 1132 2318 omnibus
1148 2289 1327 2326 tamquam
1356 2284 1417 2317 hn-

770 2334 864 2366 noris
927 2331 1093 2364 mercede
1145 2331 1418 2364 remunerandos

772 2390 862 2423 esse,
888 2378 1039 2418 ideoque
1067 2376 1146 2409 huic
1171 2376 1286 2409 officio
1313 2378 1416 2418 siqui

772 2408 1026 2463 satisfecerint,
1060 2433 1122 2455 eos
1153 2422 1284 2454 laudari
1311 2433 1418 2465 opor-

772 2476 870 2512 tere,
916 2480 978 2502 eos
1016 2474 1156 2522 autem,
1189 2469 1246 2509 qui
1282 2469 1416 2502 iliorum

775 2517 911 2554 merita
924 2514 1084 2556 quamvis
1099 2515 1163 2546 iam
1181 2518 1302 2556 aperta
1316 2519 1420 2556 atque

775 2566 875 2600 nota,
906 2571 973 2593 non
1008 2560 1229 2601 agnoverint,
1262 2560 1420 2602 publicae

775 2606 1052 2663 reprehensionis
1084 2615 1230 2648 poenam
1265 2616 1420 2638 comme-

775 2655 856 2688 reri.
910 2653 959 2684 Et
990 2650 1074 2684 haec
1104 2651 1241 2693 quidem
1273 2651 1319 2684 de
1352 2653 1418 2684 ioci

776 2702 830 2733 vei
858 2697 1102 2732 emendatione
1131 2699 1184 2730 vel
1209 2697 1419 2740 interpreta-

938 2745 1107 2786 Superest
1139 2748 1175 2775 ut
1208 2743 1250 2776 de
1282 2753 1349 2775 una
1382 2753 1419 2774 re

1039 2799 1147 2839 18*

776 2746 881 2778 tione.
