1781 2971
152 435 235 473 59¹4

267 118 353 159 250
771 116 1149 160 PLATONIS

266 231 288 275 ὁ
331 230 439 281 θεὸς
475 228 617 272 οἶδεν
667 227 690 271 ὁ
729 232 773 272 δὲ
809 231 998 275 κατιδων
1034 235 1210 287 πρῶτος
1242 231 1506 289 ἀγγελλέτω,
1543 233 1621 277 ἐάν

265 301 344 354 μὲν
380 303 425 340 ὲν
460 294 584 340 ἄστει
621 299 822 350 γίγνηται
858 298 907 340 τὸ
946 302 1170 348 τοιοῦτον,
1211 307 1300 349 τοῖς
1334 298 1619 355 ἀστυνόμοις,

269 364 347 407 ὲάν
395 367 439 408 δὲ
489 366 567 416 τῆς
604 362 770 413 πόλεως
804 370 848 407 ἐν
885 364 1030 421 ἀγορᾴ
1067 383 1173 417 που,
1223 375 1362 410 τοῖσιν
1398 365 1621 424 ἀγορανό-

267 448 388 486 μοις,
439 430 515 473 ἐαν
552 433 595 472 δὲ
634 431 710 482 τῆς
757 427 893 483 ἄλλης
925 433 1097 487 χώρας,
1142 433 1415 489 ἀγρονόμοις
1459 451 1503 477 τε
1548 436 1621 476 καὶ

269 508 361 548 τοῖς
408 497 574 541 τούτων
622 495 806 552 ἄρχουσι
854 500 1105 550 δηλωσάτω.
1160 502 1454 552 δηλωθέντων
1503 502 1548 543 δὲ
1595 499 1620 552 ἡ

263 563 388 614 πόλις
424 570 483 614 εὶς
519 563 717 622 Δελφούς
756 570 981 620 πεμπέτω·
1020 564 1043 608 ὅ
1085 582 1126 608 τι
1146 565 1178 609 δ’
1208 564 1310 610 ἀνὸ
1339 565 1450 617 θεὸς
1483 565 1622 609 ἀναι-

266 634 317 693 ρῇ
356 637 454 689 περί
490 647 534 673 τε
572 632 658 672 τῶν
689 630 928 687 χρημάτων
965 635 1037 675 καὶ
1070 635 1145 676 τοῦ
1177 631 1454 686 κινήσαντος,
1488 634 1621 676 τοῦτο

266 698 290 752 ἡ
328 697 452 749 πόλις
487 695 770 754 ὑπηρετοῦσα
811 708 906 750 ταῖς
939 703 1167 754 μαντείαις
1201 698 1347 756 δράτω
1384 701 1462 744 τοῦ
1493 701 1623 744 θεοῦ.

266 768 338 809 καὶ
391 764 468 808 ἐὰν
502 767 582 819 μὲν
626 764 864 822 ἐλεύθερος
911 764 933 810 ὁ
971 765 1170 821 μηνύσας
1216 760 1255 827 ᾖ,
1290 766 1425 819 δόξαν
1460 766 1623 821 ἀρετῆς

266 833 513 885 κεκτήσθω,
548 831 606 886 μη
639 831 838 887 μηνύσας
873 835 929 883 δέ,
963 836 1142 884 κακίας·
1188 835 1347 884 δοῦλος
1382 833 1424 877 δ’
1466 833 1546 876 ἐὰν
1582 827 1622 894 ᾗ,

267 898 466 955 μηνύσας
507 901 588 953 μὲν
631 896 868 955 ἐλεύθερος
916 897 1002 943 ὑπὸ
1054 901 1132 952 τῆς
1170 899 1335 950 πόλεως
1369 899 1526 955 ὀρθῶς
1559 903 1624 954 γί-

269 965 410 1021 γνοιτ’
461 963 518 1008 ἂν
561 963 866 1018 ἀποδιδούσης
912 968 971 1022 τῷ
1008 966 1198 1028 δεσπότῃ
1242 964 1326 1020 τὴν
1361 966 1516 1022 τιμήν,
1561 965 1622 1022 μὴ

267 1031 447 1089 μηνύων
483 1034 528 1076 δὲ
566 1031 758 1088 θανάτῳ
803 1032 1080 1089 ζημιούσθω.
1130 1032 1275 1088 τούτῳ
1314 1032 1355 1077 δ’
1407 1032 1624 1088 ἑπόμενον

264 1100 361 1153 ἑξῆς
395 1097 454 1143 ἂν
490 1103 685 1154 γίγνοιτο
723 1098 774 1143 τὸ
815 1102 912 1157 περὶ
946 1099 1105 1155 σμικρά
1143 1102 1215 1143 καὶ
1251 1099 1422 1155 μεγάλα
1457 1098 1624 1144 ταύτὸν

264 1170 399 1211 τοῦτο
435 1166 628 1224 νόμιμον
664 1166 1031 1219 ξυνακολουθεῖν,
1081 1164 1140 1209 ἄν
1175 1184 1240 1217 τις
1277 1169 1367 1210 τῶν
1402 1165 1542 1211 αὑτοῦ
1582 1184 1624 1210 τι

262 1237 506 1294 καταλείπῃ
533 1250 619 1277 που
650 1233 760 1277 ἑκών
793 1233 862 1277 εἴτ’
903 1232 1036 1285 ἄκων,
1073 1233 1094 1277 ὁ
1134 1234 1474 1291 προςτυγχάνων
1509 1233 1621 1278 ἐάτω

262 1303 460 1352 κεῖσθαι,
494 1303 681 1357 νομίζων
718 1301 959 1361 φυλάττειν
996 1304 1170 1345 ἐνοδίαν
1215 1304 1405 1358 δαίμονα
1440 1300 1496 1344 τά
1534 1317 1623 1344 τοι-

356 1440 396 1472 D.
429 1443 598 1484 πρῶτος
634 1436 896 1482 ἀγγελλέτω]
932 1439 992 1471 Sic
1024 1441 1057 1471 Α.
1068 1440 1152 1474 Ω,Ξ

260 1482 442 1528 ἀγγελέιω.

353 1530 429 1563 ἐὰν
453 1532 495 1563 δὲ
520 1534 589 1571 τῆς
614 1530 834 1567 πόλεως-
856 1529 1191 1574 αγορανόμοις]
1220 1531 1350 1563 Desunt
1374 1529 1458 1563 haee
1482 1531 1517 1562 in
1544 1530 1620 1565 Ald.

265 1578 362 1610 Bass.
393 1578 425 1611 1.
437 1577 469 1611 2
497 1577 582 1610 Lov
610 1582 645 1610 et
671 1576 774 1608 codd.
801 1589 835 1609 .:.
806 1578 876 1607 '‘v.
887 1577 909 1608 f.
936 1576 1049 1609 Codd.
1076 1588 1105 1608 a.
1114 1587 1142 1608 c.
1155 1588 1188 1608 ο.
1226 1581 1261 1608 et
1288 1586 1326 1616 pr
1357 1574 1396 1607 Ω.
1430 1577 1533 1608 verba
1557 1575 1621 1608 τιό-

262 1627 341 1661 λιως
366 1621 402 1655 ἐν
427 1622 674 1677 αγορᾶ-ὶὰν
685 1623 720 1654 δὲ
744 1623 806 1662 τῆς
826 1622 1004 1661 omittunt,
1031 1622 1194 1654 videlicet
1209 1623 1254 1654 ob
1278 1619 1555 1665 ἇμοιοιέλευτον.

355 1669 393 1701 Ρ.
424 1669 501 1703 914.
528 1669 568 1701 Β.
597 1680 670 1700 ταυ
687 1679 761 1700 τον
788 1668 946 1711 τοῦτο]
975 1668 1018 1700 V.
1042 1665 1151 1700 ταῦτα’
1180 1668 1310 1708 τοῦτο,
1342 1668 1454 1701 insitis
1481 1668 1621 1711 optimis

263 1715 484 1757 piurimisque
510 1714 611 1749 codd.

351 1761 590 1801 καταλείπῃ
623 1762 728 1801 που]
769 1760 848 1791 Vat.
881 1759 928 1792 Ω.

262 1806 461 1840 Schneider.
489 1806 549 1839 sed
577 1806 668 1839 conf.
697 1817 729 1848 p.
755 1806 837 1841 923.
869 1806 912 1839 E.
942 1804 1002 1837 ἐὰν
1026 1803 1073 1848 μή
1098 1824 1141 1829 -
1160 1805 1268 1848 λείπῃ.
1297 1817 1328 1848 ρ.
1357 1805 1437 1839 922.

1154 1438 1406 1472 .......ὴτεοοδ
1439 1440 1621 1481 provulg.

962 1769 1064 1801 super
1096 1769 1183 1790 vers.
1217 1759 1382 1799 καταλίπῃ
1417 1763 1454 1791 ut
1472 1759 1623 1837 ὄοὲρεὶῑ

262 1927 431 1958 neraliore
457 1925 626 1958 sententia
651 1926 811 1958 continno
828 1925 908 1957 sub-

260 1972 407 2013 iungitur
432 1971 526 2015 illud,
557 1972 655 2004 cuius
679 1982 718 2003 ea
743 1971 906 2004 indicium

1024 1923 1268 1965 ἐλεύθερος
1310 1922 1390 1955 v‘rro'
1433 1925 1510 1966 τῆς
1549 1922 1620 1955 πό-

977 1971 1080 2007 λεως
1104 1971 1169 2012 -]
1204 1970 1314 2002 Etiam
1342 1970 1489 2002 Athenis
1521 1971 1620 2001 novi-

260 2017 374 2050 facere
401 2017 560 2051 debebat.
587 2019 712 2059 Itaque
737 2018 803 2050 noli
829 2027 908 2049 cum

263 2063 382 2095 Astio
409 2063 553 2105 aliisque
569 2068 692 2106 putare
711 2063 903 2096 orationem

261 2119 337 2141 esse
364 2118 520 2141 mancam
547 2114 582 2141 et
608 2110 822 2142 librariorum
849 2119 905 2142 so-

261 2153 378 2187 cordia
406 2156 610 2189 mutilatam.

307 2198 381 2232 ὲάν
411 2200 450 2232 δὲ
475 2201 552 2241 τῆς
575 2198 704 2242 ἄλλης
725 2198 904 2242 χώρας,]

260 2246 444 2280 Genitivns
483 2250 539 2287 τῆς
568 2245 676 2290 χώρας
709 2248 837 2288 pendet
863 2256 906 2278 ex

261 2303 349 2332 ⁷10n3
390 2292 480 2325 unde
518 2293 619 2325 etiam
665 2297 905 2334 antegressum

261 2341 322 2379 τῆς
352 2337 483 2374 πόλεως
509 2338 743 2380 suspenditur.

313 2384 348 2417 Ρ.
388 2383 466 2419 914.
509 2382 800 2426 δηλωθέντων
840 2383 903 2425 δὲ]

262 2431 326 2463 int.
351 2429 475 2463 αὐτῶν.

310 2473 331 2507 ὅ
372 2489 408 2507 τι
446 2472 485 2507 δ’
531 2473 584 2507 ἅν
623 2474 640 2508 ὁ
679 2474 788 2511 θεὸς
824 2472 905 2517 α’ν.]

262 2520 520 2563 Transscripsit
536 2521 618 2554 haec
635 2521 790 2554 Euseb.
808 2521 849 2554 P.
865 2521 904 2553 E.

262 2566 354 2600 ΧΙΙΙ.
381 2568 436 2601 :21
474 2580 492 2609 p
536 2568 614 2602 711.
649 2568 686 2599 B.
718 2577 828 2608 usqne
861 2566 905 2599 nd

263 2613 386 2654 ζημιοι’
391 2615 480 2645 σθω.
509 2615 544 2645 Is
571 2624 632 2656 pro
645 2611 830 2656 χρημάτων
846 2613 906 2645 ha

263 2659 316 2691 be!
346 2657 524 2701 κτημάτων
549 2666 583 2692 et
609 2670 689 2693 mox
704 2673 749 2702 μη
773 2657 906 2700 μηνύων

263 2704 302 2738 oi
321 2706 445 2744 κακίας,
462 2711 566 2749 atque
582 2704 599 2738 ὁ
612 2705 766 2750 μηνύσας
778 2704 840 2748 μέν
858 2705 903 2737 H.

976 2027 1052 2051 mus
1072 2026 1203 2056 servos,
1231 2018 1362 2048 scelera
1385 2016 1411 2047 si
1436 2015 1620 2048 indicavis-

977 2067 1071 2101 sent,
1106 2062 1251 2094 subinde
1290 2063 1447 2094 libertate
1483 2062 1622 2103 publice

974 2109 1123 2141 donatos
1149 2118 1244 2146 esse;
1271 2106 1312 2139 de
1339 2117 1404 2147 qna
1431 2118 1468 2139 re
1491 2117 1521 2141 v.
1543 2106 1618 2140 Pe-

974 2155 1041 2187 tit.
1070 2153 1178 2195 Legg.
1207 2154 1277 2185 Att.
1306 2164 1338 2195 p.
1361 2152 1440 2187 259.
1466 2153 1617 2185 Meier.

975 2205 1009 2232 et
1042 2199 1298 2231 Scnfsmann.
1353 2199 1402 2231 De
1435 2198 1512 2231 Lite
1546 2203 1618 2231 Att.

975 2257 1008 2288 p.
1034 2245 1114 2279 405.
1141 2249 1176 2276 et
1201 2245 1280 2279 559.

1021 2291 1061 2325 B.
1092 2289 1230 2331 τούτῳ
1269 2288 1301 2321 δ’
1346 2288 1557 2332 ἑπόμενον
1589 2289 1618 2320 ῥ-

975 2337 1049 2377 ξῆς
1071 2336 1127 2378 -]
1154 2336 1223 2368 Per
1249 2335 1494 2368 abundantiam
1521 2335 1618 2368 addi-

973 2386 1044 2417 tum
1056 2388 1107 2415 est
1120 2383 1401 2423 ξυνακολουθεῖν,
1416 2381 1509 2423 qnod
1525 2386 1619 2415 certe

976 2434 1114 2472 poterat
1145 2430 1268 2460 omitti.
1321 2427 1426 2460 Haud
1459 2427 1532 2459 scio
1565 2431 1618 2459 ta—

975 2486 1071 2514 men,
1100 2485 1178 2507 num
1207 2473 1335 2507 rectius
1366 2473 1538 2506 scribatur
1561 2474 1618 2509 ξυ-

946 2544 953 2548 ,
974 2522 1124 2553 νακολοι
1129 2522 1234 2551 θοῦν.

1019 2568 1188 2598 ἐνοδίαν
1225 2565 1440 2619 δαίμονα]
1480 2563 1616 2596 Schoi.·

974 2626 1034 2653 την
1060 2612 1229 2669 Ἀρτεμιν
1261 2608 1341 2651 ›Jtm
1371 2608 1434 2651 τὴν
1463 2609 1617 2651 Σελήνην

974 2660 1087 2699 φηιιίν,
1115 2656 1186 2690 ἐπεὶ
1202 2656 1259 2689 καὶ
1281 2658 1298 2689 ὁ
1313 2655 1488 2690 Ἀπόλλων
1503 2652 1616 2696 Ἀγη-

973 2703 1045 2743 ιύς·
1082 2702 1232 2749 καὶγὰρ
1264 2703 1366 2747 ἄμφω
1408 2699 1473 2735 τας
1510 2698 1618 2738 σ’δούς
