1781 2971
332 128 408 169 192
864 116 1238 162 PLATONIS

327 261 416 298 ywv
453 245 575 292 τέλος
613 243 758 294 ἐχέτω·
800 236 877 280 τὸν
915 239 958 279 δὲ
996 234 1245 289 ἡγούμενον
1281 233 1362 285 μὲν
1390 225 1532 279 θεοὺς
1557 225 1681 277 εἶναι,

328 312 387 366 μὴ
425 306 759 369 φροντίζεινόὲ
796 303 964 352 αὐτοὺς
999 303 1087 344 τῶν
1121 299 1427 354 ἀνθρωπίνων
1473 293 1682 349 πραγμα-
1731 305 1735 308 ·

333 393 433 432 των,
470 374 843 431 παραμυθητέον.
901 363 962 412 Ὦ
997 365 1149 424 ἄριστε
1185 363 1237 416 δὴ
1276 364 1452 422 φῶμεν,
1499 359 1568 404 ὅτι
1602 363 1682 416 μὲν
1736 349 1745 363 ’χ

331 443 426 498 ἡγεῖ
465 439 614 491 θεούς,
654 434 877 491 συγγένεια
914 452 979 485 τις
1015 433 1114 483 ἴσως
1149 447 1195 475 σε
1221 433 1328 474 θεία
1359 425 1470 485 πρὸς
1498 425 1547 470 τὸ
1575 425 1680 482 ξύμ-

332 527 477 571 φυτον
513 506 612 563 ἄγει
649 506 782 561 τιμᾶν
819 505 891 546 καὶ
926 502 1117 556 νομίζειν
1154 496 1284 541 εἶναι·
1333 495 1480 539 κακῶν
1522 496 1566 537 δὲ
1601 493 1683 536 άν-

427 637 671 683 ήγούμενος
706 634 778 675 μὲν
810 629 968 672 θεοὺς]
1001 629 1061 669 μὲν
1086 633 1120 661 et
1147 629 1211 659 τῶν
1236 632 1317 659 ante
1342 622 1579 667 ἀνθρωπίνων
1603 625 1684 657 add.

335 687 380 719 A.
407 684 446 718 Ω.
468 697 501 717 v.
523 685 546 717 f.
567 685 600 716 h.
620 694 649 714 r.
668 692 700 714 a.
720 691 748 713 c.
770 679 798 711 δ.
826 690 856 710 o.
883 676 1014 710 Euseb.
1044 675 1081 707 P.
1105 675 1148 706 E.
1174 673 1261 705 XII.
1287 672 1343 707 52.
1372 682 1404 713 p.
1431 671 1509 706 630.
1536 671 1578 703 B.
1616 670 1687 703 Sed
1743 664 1747 675 ¹

337 735 442 766 Voss.
469 731 529 772 μὲν
554 726 676 772 ἡγουμ.
701 728 790 760 Post
815 721 928 756 θεοὺς
951 722 1058 754 infert:
1081 719 1141 759 μὲν
1166 719 1382 751 Theodoret.
1402 717 1554 758 Therap.
1574 716 1686 749 Serm.

336 792 370 823 p.
396 779 452 813 93.
478 779 534 810 ed.
559 776 654 817 Sylb.
679 784 724 805 Ξ
749 773 829 807 251.
857 769 968 802 Gaisf.
993 769 1053 809 qui
1086 768 1168 798 item
1206 766 1271 796 τῶν
1304 769 1434 796 servat.
1485 764 1687 795 Pronomen

337 822 469 858 αὐτοὺς
492 825 658 864 ignorant
684 820 786 851 codd.
809 815 1038 849 Theodoreti.
1074 813 1161 845 Post
1186 808 1457 852 παραμυθητέον
1471 809 1614 841 Ficinus
1638 809 1688 840 vi·

339 874 440 905 detur
464 868 709 910 interpositum
736 866 864 905 legisse
890 856 966 897 εὗδε,
993 861 1089 900 quod
1115 862 1210 890 extat
1235 857 1329 898 apud
1355 856 1571 888 Theodoret.

435 914 498 948 ὅτι
531 914 604 954 μὲν
630 909 724 954 ἡγεῖ
744 907 895 949 θεοὺς]
922 908 967 938 V.
984 903 1064 947 ἡγῇ.
1092 904 1162 937 Sed
1185 901 1260 945 ἡγεῖ
1278 902 1412 943 liquido
1437 902 1579 933 firmant
1592 899 1688 931 Flor.

339 975 370 998 a.
405 963 499 1003 Ang.
525 971 557 995 v.
591 963 625 991 et
659 957 780 989 Bastio
815 960 904 987 teste
935 963 986 994 pr.
1019 962 1065 983 m.
1095 951 1175 983 Par.
1205 950 1247 980 A.
1275 953 1308 980 et
1341 947 1422 979 Vat.
1454 945 1492 978 Ω.

340 1077 455 1107 locum
478 1073 560 1105 indo
587 1081 607 1103 a
637 1066 697 1101 τὸν
723 1065 760 1099 δὲ
787 1063 982 1109 ἡγούμενον

339 1131 452 1163 usque
488 1119 534 1151 ad
569 1116 676 1149 verba
719 1113 773 1145 καὶ
817 1109 980 1144 ὁπωςοῦν

340 1168 425 1208 ἔχεις
455 1164 608 1197 Euseb.
649 1161 816 1202 Praepar.
849 1159 981 1196 Evang-

340 1213 428 1245 XII.
453 1212 510 1246 52.
541 1221 573 1252 p.
594 1207 673 1243 630.
700 1206 739 1238 C.
768 1216 844 1247 sqq.
870 1210 903 1235 et
927 1213 983 1234 us-

344 1269 410 1300 quo
441 1259 486 1290 ad
525 1253 614 1297 πρὸς
645 1249 807 1293 ἀσέβειαν
846 1250 982 1281 Theo-

343 1307 480 1338 doram
513 1303 596 1334 Cur.
624 1299 752 1332 Affect.
779 1296 923 1328 Graece.
947 1304 981 1335 p.

343 1351 399 1385 93.
425 1350 480 1382 ed.
511 1348 607 1390 Sylb.
628 1355 671 1377 Ξ
687 1344 766 1378 251.
793 1343 846 1374 ed.
871 1339 985 1373 Gaisf.

344 1397 464 1429 Verba
493 1396 545 1427 sie
585 1393 748 1425 videntur
790 1387 983 1429 iungenda:

346 1441 382 1476 τὸ
409 1440 523 1484 λόγων
548 1439 607 1479 μὲν
633 1438 751 1469 τοίνυν
777 1434 876 1475 ἐχέτω
911 1429 989 1474 ἡμῖν

346 1488 440 1522 τέλος
465 1484 622 1522 τούτοις,
647 1482 892 1524 disputatio
920 1488 988 1510 no·

347 1540 443 1569 stra
467 1535 616 1565 horum
637 1530 815 1562 ratione
838 1526 990 1559 habita

346 1581 438 1622 (fiir
471 1579 618 1621 diese]
652 1578 675 1608 i.
710 1585 738 1607 e.
773 1574 989 1606 adversus

345 1629 433 1668 hos,
461 1626 595 1658 finem
622 1622 795 1654 habeto.
845 1619 886 1650 111
913 1617 988 1658 qui·

346 1675 411 1706 bns
446 1677 564 1704 tamen
603 1668 730 1710 aliquis
775 1676 852 1698 cum
897 1663 986 1696 Ste-

347 1721 486 1762 phano
523 1716 681 1758 requirat
705 1714 823 1755 potius
860 1707 896 1742 τὸ
923 1709 989 1740 τῶν

349 1764 474 1808 λόγων.
500 1763 572 1796 Sed
597 1759 694 1802 λόγοι
719 1769 825 1800 quum
851 1757 887 1788 in
913 1756 988 1787 uni-

350 1821 489 1844 versum
514 1810 557 1842 de
583 1806 803 1840 sermonibus
832 1802 902 1835 diei
925 1810 989 1842 po-

350 1859 500 1896 tuerint,
533 1854 629 1887 haud
661 1853 734 1885 scio
760 1861 805 1883 an
830 1847 990 1881 excusari

352 1908 456 1946 queat.
479 1900 672 1934 communis
704 1898 858 1930 omnium
884 1895 991 1926 libro-

352 1961 429 1983 rum
456 1949 640 1989 scriptura.
668 1945 776 1985 Legg.
807 1942 836 1974 Ι.
862 1951 894 1982 p.
913 1938 991 1974 628.

354 1997 394 2028 D.
420 1994 454 2027 εἰ
474 1993 534 2034 μὲν
559 1989 654 2033 χάριν
677 1988 817 2031 εἰρήνης
853 1984 898 2018 τὰ
924 1996 992 2016 πο-

353 2042 480 2081 λέμου
525 2037 725 2078 νομοθετοῖ.
760 2036 819 2066 ubi
857 2045 886 2066 v.
915 2041 994 2064 ann.

352 2089 450 2120 Libr.
478 2087 518 2119 V.
545 2096 578 2127 p.
604 2083 680 2118 729.
708 2081 748 2113 C.
782 2078 824 2112 τὸ
860 2079 994 2119 φίλων

355 2134 411 2165 καὶ
441 2132 594 2172 ἑταίρων.
632 2129 778 2167 Eurip.
808 2125 995 2158 Phoeniss.

354 2192 387 2211 v.
413 2178 494 2213 414.
523 2175 566 2208 τὰ
591 2176 723 2217 φίλων
749 2168 783 2203 δ’
810 2167 924 2207 οὐδέν,
954 2168 995 2211 ἤν

356 2234 404 2257 τις
429 2222 587 2264 δυεῖνχῆ.
638 2221 802 2253 Ceterum
829 2219 915 2250 mire
938 2216 995 2247 hic

355 2272 426 2304 ruit
461 2267 849 2302 Winckelmannus
881 2264 995 2303 legen-

356 2320 437 2350 dum
465 2322 579 2348 ratus:
612 2316 729 2345 τοίνυν
756 2308 774 2352 ἡ
803 2310 864 2342 τῶν
886 2307 997 2350 λόγων

357 2361 525 2403 διέξοδος.

401 2450 436 2485 Ὠ
461 2451 605 2495 ἄριστε
632 2448 675 2491 δη
706 2445 866 2489 φῶμεν]
895 2446 937 2477 H.
970 2456 998 2477 e.

357 2495 384 2531 ὦ
413 2497 686 2540 ἅριστε,’φινῖμεν
712 2492 765 2535 δή.
808 2493 1000 2525 Verborum

360 2547 646 2579 collocationem,
686 2542 793 2581 vulgo
830 2543 1000 2571 commate

361 2598 441 2634 post
456 2590 572 2632 ἄριστε
591 2588 799 2629 interposito
819 2585 907 2618 male
928 2589 998 2615 tur-

362 2640 498 2678 batam,
534 2637 712 2677 tetigimus
745 2633 788 2665 ad
823 2631 920 2663 Libr.
952 2630 1000 2662 11.

365 2696 394 2726 p.
432 2683 510 2718 ⁴561.
546 2683 583 2714 Β.
617 2681 672 2714 ΙΙΙ.
715 2690 748 2720 p.
782 2678 860 2712 681.
903 2677 938 2709 V.
970 2687 1003 2717 p.

364 2729 440 2765 744.
471 2731 510 2762 Ι).
539 2729 595 2762 w.
623 2738 656 2769 p.
685 2725 760 2759 773.
791 2726 832 2756 A.
870 2723 1005 2755 Pliileb.

1549 946 1690 978 Habent

1049 1072 1082 1102 p.
1116 1060 1172 1095 34.
1206 1060 1247 1091 E.
1283 1058 1434 1090 Pliaedr.
1467 1068 1500 1099 p.
1531 1056 1611 1092 258.
1647 1060 1691 1089 A.

1050 1108 1190 1140 Politic.
1219 1117 1252 1148 p.
1278 1104 1359 1140 306.
1381 1105 1421 1136 E.
1447 1105 1506 1136 ubi
1532 1115 1564 1136 v.
1588 1114 1670 1137 ann.

1096 1177 1138 1208 E.
1162 1170 1569 1214 εὐδαιμονιζόμεναι
1590 1169 1692 1212 σφό-

1051 1222 1145 1265 δρα,
1173 1216 1256 1253 ἀλλ’
1283 1216 1359 1252 οὐκ
1384 1218 1592 1259 ἐμμελῶ9,]
1620 1217 1695 1250 sed

1052 1279 1159 1311 quae
1192 1268 1347 1299 beatae
1378 1266 1697 1307 praedicantur

1054 1316 1358 1351 vehementer,
1408 1321 1492 1342 nec
1540 1316 1696 1343 tamen

1055 1358 1292 1394 recte—‹¹5¹2›
1316 1368 1357 1390 τε
1381 1353 1580 1396 μούσαις,
1608 1365 1697 1388 car-

1056 1407 1260 1440 minibus.
1302 1415 1332 1436 v.
1368 1404 1413 1435 ad
1448 1402 1546 1434 Libr.
1581 1401 1630 1433 ΙΙ.
1664 1411 1696 1443 p.

1056 1452 1136 1489 [554.
1153 1453 1197 1484 D.
1223 1450 1305 1486 658.
1320 1450 1363 1482 Ε.
1389 1448 1466 1483 666.
1485 1449 1525 1480 Ι).
1558 1447 1636 1482 667.
1652 1449 1697 1479 Α.

1057 1499 1135 1535 668.
1170 1498 1210 1533 Ε.
1242 1498 1286 1530 al.
1335 1495 1392 1527 Ex
1423 1493 1502 1526 aliis
1537 1493 1698 1526 Platonis

1058 1545 1198 1586 scriptis
1224 1543 1385 1583 exempla
1409 1541 1513 1572 huius
1538 1550 1622 1572 usus
1646 1539 1696 1571 lo-

1058 1592 1187 1634 quendi
1229 1588 1433 1630 collegimus
1475 1587 1519 1618 ad
1555 1586 1696 1618 Politic.

1054 1650 1089 1681 p.
1117 1637 1195 1671 309.
1219 1636 1265 1670 D.
1291 1640 1325 1667 et
1351 1632 1486 1666 Phneb.
1513 1642 1546 1673 p.
1569 1631 1624 1666 67.
1652 1631 1697 1662 D.

1056 1685 1207 1717 Musae
1255 1691 1319 1723 pro
1369 1680 1457 1711 arti
1510 1679 1700 1710 musicae

1057 1732 1147 1763 dixit
1183 1729 1288 1761 etiam
1323 1726 1474 1758 Horat.
1511 1723 1626 1766 Satyr.
1653 1722 1701 1755 11.

1055 1777 1089 1817 3,
1115 1774 1194 1810 105.
1221 1775 1271 1806 De
1291 1773 1467 1805 sententia
1486 1770 1577 1802 conf.
1596 1769 1697 1810 Reip.

1055 1823 1114 1856 lv.
1140 1832 1172 1863 p.
1199 1820 1278 1855 392.
1305 1821 1347 1852 A.
1375 1814 1423 1848 οἷς
1444 1814 1509 1857 ἄρα
1529 1816 1583 1847 καὶ
1602 1825 1700 1856 ποιη-

1059 1869 1109 1901 ταὶ
1136 1866 1189 1899 καὶ
1217 1864 1398 1908 λογοποιοὶ
1425 1862 1539 1895 κακῶς
1565 1861 1701 1903 λέγουσι

1060 1915 1133 1956 περὶ
1160 1909 1360 1953 ἀνθρώπων
1392 1907 1430 1941 τὰ
1463 1907 1619 1950 μέγιστα,
1654 1903 1703 1938 ὅτι

1060 1956 1294 1994 εἰηὶνεᾶδικοι
1325 1955 1403 1996 μέν,
1435 1951 1637 1994 εὐδαίμονες
1671 1950 1706 1983 δὲ

1061 2007 1190 2042 πολλοί,
1217 2004 1341 2036 δίκαιοι
1367 2000 1403 2033 δὲ
1428 1999 1556 2033 ἄθλιοι.
1575 2000 1643 2032 IX.
1669 2009 1702 2040 p.

1061 2054 1140 2089 591.
1174 2053 1213 2083 D.
1239 2049 1261 2083 ἅ
1284 2061 1321 2092 γε
1348 2049 1436 2080 νοῦν
1467 2047 1554 2088 ἔχων
1580 2064 1623 2069 -
1650 2045 1703 2076 καὶ

1064 2098 1124 2141 τὴν
1150 2097 1185 2130 ἐν
1209 2098 1248 2137 τῇ
1283 2095 1349 2128 τῶν
1378 2091 1559 2135 χρημάτων
1586 2088 1704 2133 κτήσει

1064 2143 1224 2186 ξύνταξιν
1259 2153 1289 2174 τε
1317 2140 1369 2172 καὶ
1395 2139 1614 2180 ξυμφωνιάν,
1651 2137 1705 2167 καὶ

1065 2190 1125 2224 τὸν
1151 2187 1259 2231 ὄγκον
1285 2187 1348 2219 τοῦ
1364 2183 1534 2227 πλήθους,
1561 2179 1627 2215 οὐκ
1651 2180 1704 2214 ἐκ·

1066 2233 1292 2279 πληττόμενος
1324 2229 1394 2264 ὑπὸ
1429 2231 1493 2262 τοῦ
1527 2230 1594 2262 τῶν
1625 2229 1705 2259 πολ-

1068 2285 1134 2316 κών
1160 2279 1394 2322 μακαρισμοῦ,
1433 2275 1577 2319 ἄπειρον
1601 2270 1705 2316 αὐξή-

1067 2341 1117 2362 σει
1141 2325 1313 2370 ἀπέραντα
1346 2322 1431 2357 κακὰ
1464 2323 1560 2364 ἔχων.
1597 2320 1706 2362 Gorg.

1067 2388 1101 2419 p.
1127 2374 1206 2409 470.
1231 2374 1273 2405 D.

1114 2444 1156 2475 E.
1187 2439 1206 2484 ἢ
1234 2442 1299 2473 καὶ
1327 2438 1431 2482 πρὸς
1458 2437 1576 2470 τέλος
1602 2437 1708 2469 ἴσως

1069 2488 1278 2522 ἀνοσίους
1327 2482 1596 2526 ἀνθρώπους
1643 2481 1705 2522 ——]

1070 2537 1165 2569 Haec
1188 2535 1318 2566 dudum
1344 2533 1503 2565 videmur
1535 2539 1578 2562 ex
1604 2528 1706 2561 codd.

1070 2582 1263 2623 integritati
1272 2590 1354 2612 suae
1362 2578 1574 2613 restitilisse3
1587 2583 1707 2616 quam-

1071 2640 1172 2671 quam
1198 2627 1322 2668 nuperi
1348 2626 1501 2657 editores
1527 2630 1648 2654 rursus
1673 2620 1708 2651 in

1071 2677 1142 2707 alia
1159 2675 1277 2707 omnia
1294 2673 1541 2705 discesserunt.
1570 2666 1708 2698 Etenim

1073 2719 1157 2753 ὅταν
1195 2725 1275 2762 post
1311 2715 1463 2759 ταράττει
1501 2712 1536 2746 τὰ
1573 2712 1638 2745 νῦν
1668 2720 1708 2742 ex
