1781 2971
336 148 388 188 34
830 144 1201 189 PLATONIS

335 260 689 316 ἐπιτηδευμάτων
719 263 864 321 λκακῶς
907 265 1086 306 θέσθαι
1120 263 1403 322 γράψαντας,
1438 262 1686 319 Λυκούργῳ

337 331 380 371 δὲ
428 322 564 379 ἦττον
600 329 673 369 καὶ
705 325 888 371 Σόλωνι
923 332 995 371 καὶ
1031 328 1131 373 ὅσοι
1168 327 1218 382 δὴ
1267 332 1514 385 νομοθέται
1563 331 1687 384 γενό-

333 412 456 449 μενοι
503 393 744 450 γράμματα
789 397 1010 454 ἔγραψαν.
1047 394 1073 448 ἢ
1107 397 1156 440 τό
1193 415 1239 450 γε
1285 396 1454 452 ὀρθόν,
1505 398 1686 439 πάντων

336 464 399 504 δεῖ
434 459 706 517 γραμμάτων
744 463 831 503 τῶν
867 466 912 504 ἐν
936 470 1032 512 ταῖς
1067 463 1216 507 πόλεσι
1248 465 1300 506 τοι
1341 469 1437 519 περὶ
1475 463 1580 513 τοὺς
1606 462 1683 506 νό-

429 626 468 657 Ε.
520 624 764 666 φαίνεσθαι
798 623 1160 668 διαπτυττόμενα]
1202 627 1282 660 Ald.
1311 626 1389 659 Bas.
1419 628 1448 661 1.
1475 628 1506 660 2.
1537 627 1624 659 Lov.
1652 633 1685 658 et

335 672 436 704 codd.
466 683 496 703 v.
524 673 548 703 f.
575 670 834 710 διαπυττόμειττ.
861 672 981 713 steph.
1007 670 1269 711 διατυπούμειμ.
1298 673 1410 705 Codd.
1443 674 1486 704 A.
1519 670 1558 704 Ω.
1591 672 1683 704 Bek-
1716 698 1724 700 >
1766 702 1770 711 ,

333 719 420 750 kero
447 723 534 750 teste
558 716 840 757 διαπτιΗττόμεια,
867 720 933 751 sed
961 719 1084 750 Bastio
1118 724 1269 751 testante
1296 717 1537 757 διαπτυόμενα.
1586 719 1684 751 Istud

333 765 448 806 ipsum
473 763 705 803 διαπτυόμενα
731 774 773 795 ex
800 765 837 799 Ξ.
865 770 900 796 et
923 775 1013 796 corr
1036 767 1076 797 A.
1106 772 1139 796 et
1165 775 1273 809 marg.
1305 763 1343 796 Ω.
1372 766 1506 807 profert
1533 765 1683 797 Bekker.

334 808 584 850 διαπτυτόμενα
608 811 712 842 habet
736 810 810 842 Ric.
835 811 868 842 h.
896 817 932 843 et
956 809 1223 849 &zanni'ttouezct
1254 812 1388 852 liquido
1414 811 1509 844 Flor.
1541 821 1572 842 a.
1599 820 1627 844 c.
1655 808 1684 841 6.

335 867 366 888 0.
395 857 573 898 adscripto
599 858 715 888 tamen
741 857 776 888 in
802 867 911 898 marg
939 855 1370 898 61a21150peva,quod‚si
1397 858 1522 907 quid—
1506 857 1586 888 lieet
1601 866 1683 888 oon-

333 915 457 954 iicere,
491 924 533 945 ex
563 923 662 945 eraso
697 925 728 945 ττ
759 919 888 945 οτῒιιτῃχ
907 914 1028 953 habet,
1064 915 1159 955 quod
1193 915 1379 945 voluerunt
1408 914 1442 944 in
1472 923 1514 945 σσ
1545 914 1683 945 mutari.

334 960 414 991 Vat.
432 971 459 992 r.
486 957 735 998 διατάττομει-α.
785 959 823 992 Si
841 961 925 1001 quid
943 961 1156 999 mutandum,
1181 961 1365 1001 legendum
1382 965 1435 991 est
1456 957 1681 992 61amvaoo'-

333 1017 425 1043 μενα.
455 1016 665 1048 quamquam
693 1017 722 1036 v.
751 1016 830 1039 ann.
857 1016 956 1045 exeg.

1041 1129 1683 1172 atquepraestantissima.1ta-

1041 1187 1107 1218 que
1141 1177 1244 1208 facile
1277 1176 1381 1207 alicui
1407 1171 1682 1213 διαπτισιιόμενιι

1041 1223 1280 1264 retingendum
1307 1222 1477 1253 videatur.
1525 1220 1599 1252 Nec
1618 1230 1682 1252 nos

333 1133 423 1162 sint
455 1136 492 1163 et
523 1130 742 1172 quomodo
778 1132 842 1162 eis
876 1141 970 1172 ope-

331 1188 416 1210 ram
442 1178 542 1209 dare
567 1178 782 1215 debeant,
809 1178 880 1218 qui
906 1178 969 1210 be-

331 1225 389 1255 ati
413 1224 556 1255 futuri
583 1223 697 1255 sint?

400 1270 440 1301 E.
494 1271 628 1301 κακῶς
663 1267 832 1298 θέσθαι
875 1267 968 1309 γρά-

332 1315 512 1358 ψαντας]
540 1314 760 1357 Expectabas
787 1311 968 1355 γράψασιν.

330 1361 401 1394 Sed
425 1363 649 1394 accusativus
670 1362 811 1402 ponitur
826 1361 972 1401 perinde

330 1419 369 1440 ac
402 1409 431 1440 si
454 1405 610 1450 Ὅμηρον
641 1417 674 1439 τε
709 1406 762 1437 καὶ
800 1405 970 1446 Τυρταῖον

331 1455 384 1485 καὶ
403 1452 486 1486 τοὺς
509 1452 633 1485 ἄλλους
648 1450 792 1493 ποιητὰ.»Ί
810 1463 970 1493 praeces—

327 1502 424 1532 serit.
482 1501 646 1532 Diximus
677 1499 719 1530 de
752 1499 816 1530 hac
847 1499 968 1530 confu-

327 1548 427 1578 sione
452 1547 602 1587 duplicis
628 1546 900 1578 constructionis
925 1545 968 1576 ad

328 1593 448 1634 Remp.
478 1592 538 1624 ΙΧ.
576 1603 608 1633 p.
635 1591 716 1625 586.
749 1591 791 1622 E.
825 1590 968 1622 Lachet.

328 1649 360 1679 ρ.
391 1639 467 1673 186.
498 1638 542 1670 D.
579 1637 775 1678 Euthyphr.
805 1647 837 1677 p.
863 1636 895 1669 5.
925 1639 966 1667 A.

326 1685 435 1726 Legg.
474 1685 526 1716 Vl.
566 1694 596 1725 p.
631 1683 707 1717 760.
742 1683 781 1713 E.
824 1682 892 1713 vu.
936 1693 966 1723 p.

327 1731 404 1765 796
434 1731 473 1762 C.
500 1731 544 1761 al.

398 1774 418 1818 i*
444 1773 486 1808 τό
515 1787 556 1817 >e
584 1772 957 1815 00361·.}1nt.10131

327 1823 428 1856 ἔστιν.
456 1824 563 1855 Recte
579 1823 685 1863 igitur
704 1797 782 1853 libri
804 1822 967 1863 deinceps

327 1867 467 1901 πάντων
503 1867 557 1900 δεῖ
596 1878 658 1909 pro
697 1868 788 1908 vulg.
831 1865 967 1899 πάντων

325 1913 378 1955 δή.
430 1915 499 1948 Sed
518 1916 560 1946 de
578 1914 746 1956 proximis
764 1923 888 1954 magna
904 1914 965 1945 du-

326 1963 449 1994 bitatio
482 1966 546 1993 est.
605 1960 703 1991 Libri
738 1960 789 1991 vel
826 1958 964 1991 διαπυτ·

326 2006 449 2047 τόμειά
477 2008 529 2039 vel
555 2004 824 2044 διαπτυττόμενα
843 2008 894 2038 vel
917 2004 963 2036 δι-

325 2052 532 2093 απτυόμενα.
598 2051 855 2093 Stephanus
893 2051 963 2082 δια·

325 2098 539 2140 τυπούμενοι,
598 2099 722 2130 invitis
771 2098 965 2130 codicibus.

324 2146 428 2178 Lud.
475 2145 680 2177 Dindorf.
729 2145 773 2176 ad
812 2143 964 2175 Diodor.

322 2192 403 2225 Vol.
432 2192 494 2223 1v.
521 2202 554 2232 p.
581 2189 659 2224 196.
687 2192 741 2221 ed.
776 2191 858 2221 min.
891 2188 960 2221 δια-

325 2237 550 2276 τετυπωμέι·ιι.
592 2236 774 2269 Neminem
800 2241 961 2276 putamus

322 2286 594 2322 liaesitaturum‚
619 2284 648 2315 si
675 2283 841 2323 seriptum
870 2283 962 2323 lege-

321 2336 416 2363 retur
443 2327 728 2368 διαπτυσσόμενα,
754 2328 867 2360 forma
889 2329 961 2360 vul-

322 2379 397 2418 gari
425 2383 459 2409 et
483 2377 621 2408 usitata.
671 2374 761 2407 Nam
787 2375 960 2407 sententia

324 2425 443 2465 utique
479 2423 676 2455 rectissima
707 2426 740 2453 et
777 2421 960 2453 verissima

322 2470 404 2501 inde
452 2469 571 2511 prodit
619 2467 719 2499 haee:
771 2468 958 2498 omnium

323 2517 614 2556 scriptorum,
647 2513 834 2554 quaein
860 2514 963 2545 civi-

322 2562 494 2594 tatibus
541 2560 848 2601 reperiuntur,
898 2569 962 2598 ea,

321 2617 426 2648 quae
460 2608 551 2640 sint
593 2606 644 2637 ‹10
672 2605 843 2646 legibus
871 2615 962 2637 con·

320 2654 517 2696 signata,
566 2651 637 2684 ubi
681 2651 963 2693 explicentur

319 2704 452 2742 atque
476 2698 755 2737 evolvantur,
782 2702 963 2739 oportet

322 2745 453 2787 longe
502 2744 766 2786 pulcerrime
814 2744 960 2775 videri

1041 1270 1121 1300 huic
1144 1269 1273 1300 rationi
1301 1269 1445 1299 multum
1461 1267 1682 1298 reluctemur.

1041 1314 1111 1346 Sed
1153 1314 1353 1355 scrupulum
1402 1318 1517 1344 tamen
1562 1313 1682 1344 iniecit

1041 1361 1233 1402 disputatio
1275 1359 1493 1391 Lobeekii
1525 1358 1680 1400 Paralip.

1039 1407 1066 1441 Ι.
1099 1418 1132 1448 p.
1161 1405 1217 1439 31.
1253 1406 1311 1447 qui
1345 1405 1556 1446 comparatis
1591 1406 1682 1436 iuter

1038 1463 1075 1485 se
1110 1454 1231 1485 formis
1267 1453 1427 1488 πτίττειν,
1463 1448 1616 1482 πτύττιιν
1647 1458 1681 1483 et

1041 1498 1198 1531 πιτύττειν
1225 1499 1378 1531 ostendit
1404 1498 1488 1530 talia
1512 1507 1583 1529 nun
1608 1507 1680 1530 om-

1038 1547 1122 1577 nino
1149 1546 1192 1577 ab
1218 1555 1282 1576 usu
1305 1544 1477 1575 sermonis
1494 1544 1603 1575 Attici
1620 1543 1679 1575 ab·

1039 1592 1230 1624 horruisse.
1291 1590 1410 1631 ltaque
1442 1590 1552 1621 satius
1579 1590 1678 1632 duxi&-

1038 1648 1113 1669 mus
1143 1638 1244 1679 sequi
1270 1637 1325 1667 hic
1351 1636 1510 1667 codicum
1532 1645 1613 1667 mss.
1639 1636 1678 1667 fi-

1039 1684 1115 1715 dem
1153 1689 1186 1714 et
1230 1683 1486 1714 auctoritatem.
1562 1681 1677 1713 Verbo

1038 1730 1199 1761 similiter
1236 1734 1378 1760 utuntui
1419 1728 1570 1781 Soph
1594 1730 1675 1759 Ant.

1040 1787 1069 1806 v.
1099 1776 1176 1810 705).
1202 1772 1294 1806 ὅςιις
1320 1772 1383 1816 γὰρ
1410 1770 1518 1805 αι’τὸς
1544 1785 1563 1814 1)
1589 1783 1677 1827 ‹ppo-

1039 1832 1108 1852 νειι
1133 1820 1242 1860 μόιος
1267 1820 1370 1857 δοκεῖ,
1400 1817 1418 1862 Γ
1445 1819 1622 1873 ).ἰιῦσσα1,
1637 1817 1678 1861 ἢτ

1040 1879 1104 1899 ουκ
1129 1867 1238 1900 ἄλλος
1267 1864 1286 1908 ἢ
1312 1866 1434 1908 zpvvzip,
1464 1867 1549 1906 ῥ”χειι
1578 1859 1676 1897 οὗτοι

1039 1914 1196 1946 drawn·
1191 1913 1308 1954 χθὲν
1321 1922 1384 1945 τες
1416 1910 1594 1953 ὤφθησαν
1624 1923 1675 1944 κε-

1035 1962 1100 1991 νοί.
1137 1960 1249 1992 Plut.
1277 1959 1403 1991 Moral.
1433 1969 1464 2000 p.
1483 1957 1562 1992 623.
1581 1957 1621 1990 C.
1647 1958 1682 1990 εἰ

1034 2004 1182 2046 βούλοιο
1213 2006 1374 2046 καθορᾶν
1400 2002 1461 2036 ὑπ’
1487 2001 1598 2046 αὐγὰς
1622 2003 1675 2037 δι-

1034 2052 1139 2084 azzt'
1150 2052 1223 2092 ξας
1249 2052 1308 2084 τὸι
1327 2053 1446 2093 iprum.
1462 2051 1506 2082 al.
1528 2050 1675 2084 Suidas

1034 2109 1059 2129 s.
1087 2110 1118 2129 v.
1147 2097 1382 2151 διέπτυξε·
1397 2094 1636 2149 διεσαφήψι·,ιιτιει

1082 2142 1127 2176 τὰ
1163 2142 1205 2175 δὲ
1243 2144 1321 2175 τῶι
1357 2141 1496 2175 ἄλλων
1532 2139 1552 2183 ἢ
1588 2154 1658 2174 κατ

1034 2189 1198 2233 inscia]
1243 2190 1337 2222 Haec
1378 2190 1427 2221 sic
1468 2190 1674 2230 interpreta-

1032 2246 1124 2267 mur:
1163 2237 1360 2277 scripta
1386 2240 1525 2268 autem
1556 2236 1673 2268 alio-

1031 2293 1117 2313 rum
1142 2288 1217 2314 aut
1249 2286 1423 2324 oportet
1453 2282 1546 2313 illis
1577 2292 1672 2314 esse

1030 2334 1340 2368 consentanea,
1380 2334 1465 2367 aut,
1503 2328 1537 2359 si
1581 2339 1671 2360 oum

1031 2375 1086 2406 iis
1118 2375 1401 2411 dissentiant,
1439 2374 1579 2406 videri
1611 2375 1670 2406 ri-

1029 2421 1190 2453 dicula.
1251 2419 1340 2453 Nam
1376 2420 1670 2462 simplicissimum

1029 2472 1082 2498 est
1115 2463 1202 2499 εἶναι
1240 2468 1342 2499 etiam
1377 2468 1421 2499 ad
1455 2463 1672 2506 ξυνεπόμενα

1034 2513 1174 2548 referre.
1213 2512 1316 2551 Quod
1341 2514 1505 2555 quoniam
1531 2522 1601 2544 non
1618 2518 1671 2545 est

1032 2559 1074 2591 ab
1112 2560 1274 2592 omnibus
1317 2561 1402 2592 satis
1439 2564 1670 2600 perspectum,

1033 2605 1145 2638 locum
1172 2606 1395 2639 sanissimum
1420 2605 1670 2647 intellectuque

1032 2651 1234 2684 facillimum
1262 2662 1381 2684 rursus
1397 2651 1496 2683 malis
1521 2652 1669 2692 argutiis

1032 2697 1235 2739 impeditum
1262 2698 1499 2730 reddiderunt.
1553 2698 1668 2739 Atque

1032 2744 1112 2776 hinc
1139 2746 1243 2778 etiam
1270 2744 1397 2777 factum
1424 2748 1600 2787 putamus,
1632 2751 1668 2774 ut
1708 2754 1733 2770 w
