1781 2971
177 146 258 187 DE
290 146 566 191 LEGIBUS
602 147 717 189 LIB.
751 148 859 190 XIl.
892 149 939 189 P.

977 152 1070 194 948.
1105 153 1199 195 949.
1232 152 1296 196 St.
1358 155 1439 196 369

85 282 206 319 ματα
247 265 448 324 γράᾳειν,
481 264 616 321 ὅρκον
653 268 696 308 δὲ
730 263 791 320 μὴ
829 268 1087 322 ἐπομνύναι,
1123 273 1193 313 καὶ
1231 269 1308 313 τὸν
1334 271 1440 329 φεύ·

85 349 222 384 γοντα
258 333 371 375 κατα
409 332 552 376 ταύτά
593 331 672 384 τὴν
707 329 893 387 ἄρνησιν
930 334 1173 394 γράψαντα
1211 340 1440 394 παραδοῦ-

86 417 157 442 ναι
196 408 287 450 τοῖς
326 397 538 455 ἄρχουσιν
581 398 831 453 ἀνώμοτον.
878 402 1021 445 δεινὸν
1064 403 1149 460 γάρ
1186 421 1274 447 που
1304 407 1440 454 Υδικῶν

85 466 116 518 γ’
166 472 213 509 ὲν
261 467 384 510 πόλει
432 468 609 510 πολλῶν
659 484 904 522 γενομενων
949 462 997 512 εὖ
1042 473 1201 514 εἰδέναι
1255 475 1440 529 σμικροῦ

84 535 174 577 δεῖν
208 535 313 584 τους
350 532 514 585 ἡμίσεις
551 533 701 576 αὐτῶν
747 535 1075 590 ἐπιωρκηκότας
1119 542 1165 579 ἐν
1207 538 1442 590 ξυσσιτιόις

86 617 128 643 τε
174 600 384 652 ἀλλήλοις
430 600 613 657 εὐχερῶς
666 607 1033 657 συγγιγνομένους
1077 607 1148 646 καὶ
1192 610 1238 647 ὲν
1284 606 1443 657 ἄλλαις

83 673 332 718 συνουσίαις
377 685 419 710 τε
467 673 539 711 καὶ
585 671 824 719 ἰδιωτικαῖς
875 669 1186 724 συγγενήσεσιν
1233 673 1442 717 ἑκάστων.

83 735 220 790 νόμος
254 733 307 787 δὴ
337 738 516 785 κείσθω,
557 734 770 786 δικαστὴν
795 739 876 790 μὲν
899 735 1092 791 ὀμνύναι
1129 740 1318 791 δικάζειν
1345 743 1443 795 μελ-

82 807 234 853 λοντα,
274 819 345 844 και
385 800 465 843 τὸν
502 800 582 851 τας
618 800 760 879 ἀρχάς
795 804 855 858 τῷ
895 805 1026 858 κοινῷ
1064 807 1354 848 καθιστάντα
1387 807 1436 850 δι’

81 870 225 925 ὅρκων
265 866 289 920 ἢ
312 867 384 911 διὰ
424 870 571 925 φορᾶς
605 866 788 926 ψήφων,
827 868 908 926 άφ
926 871 1056 926 ἱερῶν
1092 878 1299 928 φέροντα,
1323 876 1438 931 δρᾶν

79 937 147 980 ἀει
185 939 248 978 δεῖ
283 935 330 978 τὸ
370 938 590 985 τοιοῦτον,
626 953 696 978 και
735 937 888 991 κριτήν
913 930 970 979 αὖ
1003 941 1151 992 χορῶν
1182 958 1252 981 και
1293 958 1439 994 πασης

79 1005 289 1058 μουσικῆς
311 1021 382 1044 και
404 1019 623 1058 γυμνικων
648 1019 690 1045 τε
711 1021 781 1046 και
803 1006 994 1047 ἱππικῶν
1016 1002 1178 1047 ἄθλων
1198 1008 1439 1058 ἐπιστάτας

79 1074 150 1114 καὶ
172 1072 367 1126 βραβέας
394 1073 463 1112 καὶ
489 1067 717 1125 ἁπάντων,
749 1068 896 1114 ὁπόσα
918 1071 979 1126 μὴ
1005 1076 1122 1130 ᾳψέρει
1149 1077 1298 1130 κέρδος
1319 1076 1435 1118 κατὰ

183 1202 227 1236 D.
276 1200 469 1243 ἐξαιρεῖν
501 1198 572 1241 χρὴ
611 1199 711 1232 τοὺς
749 1198 852 1243 ὅρη]
889 1202 925 1243 V:
955 1202 1019 1241 δεῖ,
1048 1205 1168 1237 invitis
1194 1206 1292 1238 libris
1318 1210 1362 1239 A.
1393 1207 1434 1240 Ω.

81 1261 111 1281 v.
138 1249 161 1280 f.
189 1260 220 1280 a.
248 1259 274 1280 e.
305 1247 334 1279 δ.
363 1258 395 1279 o.
422 1257 454 1278 x.
488 1247 677 1278 Praeterea
706 1254 787 1279 vett.
814 1250 914 1281 editt.
941 1248 1101 1291 ἐξαίρειν,
1130 1253 1223 1293 quod
1251 1253 1338 1286 bene
1359 1265 1435 1286 cor-

79 1296 172 1328 rexit
197 1296 341 1333 Astius‚
366 1293 605 1333 adstipulante
633 1293 711 1327 Par.
741 1296 784 1325 A.

172 1341 359 1382 σμικροῦ
390 1338 501 1379 δεῖν]
539 1338 590 1369 δεῖ
622 1341 748 1371 vitiose
781 1340 861 1371 libri
900 1350 969 1372 non
1002 1342 1104 1382 pauci
1132 1343 1337 1376 confusione
1363 1355 1436 1378 ore-

79 1389 240 1420 berrima.
289 1387 453 1419 Servavit
478 1386 514 1416 id
541 1396 652 1425 nuper
677 1385 927 1418 Schneiderus.

171 1432 208 1464 P.
234 1433 312 1468 949.
365 1431 469 1474 δρᾶν
498 1427 561 1461 αἐὶ
588 1429 653 1463 δεῖ
677 1430 719 1463 τὸ
748 1432 981 1473 τοιοῦτον]
1009 1431 1095 1474 δρᾶν
1121 1431 1176 1465 δεῖ
1197 1432 1235 1465 τὸ
1261 1447 1287 1467 τ.
1315 1446 1368 1477 pr.
1391 1439 1436 1469 A.

83 1476 121 1510 Ω.
147 1483 236 1511 teste
263 1480 438 1518 Bekkero²
466 1478 524 1519 qui
551 1477 601 1508 ita
630 1478 751 1509 edidit.
802 1479 841 1509 In
872 1479 941 1510 Vat
968 1483 1002 1511 Α.
1031 1480 1128 1511 deest
1154 1478 1213 1514 δεῖ,
1262 1481 1437 1514 Nimirum

77 1526 281 1558 alterutrum
309 1526 352 1557 ob
388 1525 582 1555 litterarum
621 1524 887 1556 similitudinem
918 1535 1040 1556 errore
1074 1527 1241 1558 omissum
1267 1532 1331 1560 est.
1364 1528 1437 1560 Tu-

77 1573 230 1603 ricenses
257 1577 291 1604 et
315 1571 496 1604 Scheider.
524 1567 577 1600 δεῖ
597 1570 812 1602 abiecerunt

171 1615 314 1650 ὁπόσα
344 1615 395 1659 μὴ
429 1616 555 1669 φέρει
589 1614 764 1657 κέρδος]
799 1615 858 1647 Sic
882 1617 1070 1648 verissime
1096 1617 1141 1649 A.
1170 1616 1207 1650 Ξ.
1243 1619 1266 1650 f.
1293 1629 1321 1651 r.
1348 1630 1376 1652 c.
1402 1625 1438 1652 et

76 1675 142 1698 rec.
179 1661 217 1695 Ω.
246 1676 277 1696 v.
308 1664 423 1704 Vulgo
450 1663 548 1704 φέρῃ.
577 1662 681 1694 Unde
708 1664 830 1694 Astius
857 1657 967 1694 o‘rto'o'
993 1659 1036 1694 ἂν
1062 1665 1228 1697 correxit.

123 1772 199 1808 καί
243 1773 319 1808 τὸν
369 1773 439 1807 τὰς
486 1773 617 1817 ἀρχὰς
669 1775 721 1818 τῷ
791 1776 944 1807 Astius
980 1777 1147 1807 tentavit:
1191 1774 1342 1808 καὶτὸν
1377 1775 1437 1809 τὰς

77 1823 306 1865 κοινῷ-]
361 1822 500 1854 Mutata
549 1823 720 1854 orationis

77 1874 252 1901 structura
299 1871 367 1900 iam
409 1878 474 1910 pro
517 1869 719 1900 accusativo

76 1926 152 1947 oum
167 1916 344 1946 infinitivo
361 1925 403 1945 ex
413 1912 520 1953 νόμος
533 1912 574 1955 δὴ
590 1913 721 1945 κείσθω

77 1971 249 2002 suspenso
275 1962 425 1992 infertur
449 1960 536 2000 δρᾶν
562 1956 613 1991 αἐὶ
645 1958 720 2000 δεῖ,

75 2009 111 2039 in
137 2018 207 2049 quo
233 2017 304 2038 non
331 2011 383 2038 est
408 2007 503 2047 quod
529 2007 606 2046 quis
637 2006 720 2037 hae-

76 2059 162 2086 reat.
227 2053 475 2101 Quamquam
479 2052 636 2083 haesisse
667 2053 717 2083 vi-

76 2102 203 2132 dentur
217 2099 441 2138 Turicenses,
462 2091 525 2140 qui
553 2096 604 2129 δεῖ
623 2099 719 2130 abie-

76 2150 199 2179 cerunt
240 2146 369 2186 exigua
407 2154 492 2176 sane
541 2155 580 2177 ac
621 2145 717 2176 nulla

76 2203 186 2234 paene
205 2192 364 2223 codicum
379 2191 601 2222 auctoritate.
632 2191 718 2222 Ver-

76 2240 136 2271 ba:
164 2233 211 2269 δι’
238 2235 353 2279 ὅρκων
378 2234 399 2279 ἣ
424 2233 480 2268 διὰ
506 2237 621 2277 φορᾶς·
652 2235 717 2278 ψή-

78 2295 172 2325 φων,
206 2284 379 2315 nectenda
413 2287 494 2314 sunt
531 2294 608 2315 eum
633 2281 719 2324 δρᾶν

76 2328 114 2362 ιὸ
149 2329 318 2361 τοιοῦτον.
369 2329 432 2360 Est
463 2331 555 2361 enim
579 2334 718 2361 senten-

75 2379 126 2409 tia
157 2377 262 2408 haec:
300 2380 340 2407 et
382 2385 491 2415 eum,
528 2376 601 2417 qui
636 2376 718 2407 rei-

76 2423 294 2465 publicae
335 2422 716 2462 magistratum

77 2469 413 2505 constituat,
449 2466 636 2499 facere
666 2467 717 2499 id

77 2518 260 2556 oportet
306 2522 473 2553 semper
531 2513 600 2545 vel
649 2513 716 2544 iu·

76 2560 320 2593 reiurando
345 2560 626 2599 interposito
652 2559 717 2591 vel

77 2606 400 2647 suffragiorum
417 2604 599 2644 latione,
623 2604 718 2636 dum

77 2653 283 2685 calcuios
309 2662 329 2684 a
349 2662 393 2683 sa
410 2651 630 2690 crisonis)
659 2650 719 2682 fe·

77 2703 198 2730 ratet
232 2699 274 2730 in
302 2697 489 2729 cistulas
535 2697 720 2729 coniici-

77 2749 128 2777 at.
161 2743 239 2782 Quo
267 2745 378 2776 minus
405 2748 506 2775 acute
536 2747 719 2784 perspecto

121 2800 210 2831 Plat.
238 2801 328 2842 Opp.
355 2800 435 2831 Vol.
461 2798 539 2831 ΧΙΙ.
569 2799 661 2831 Sect.
689 2798 735 2830 11.

791 1818 896 1863 ἀρχὰς
932 1822 978 1864 τῷ
1003 1823 1109 1865 κοινῷ
1143 1821 1354 1854 καθιστάντα
1380 1821 1436 1855 διὰ

791 1868 907 1909 φορᾶς
931 1867 1062 1908 ψήφων
1095 1865 1116 1910 ἢ
1149 1865 1206 1908 ἀφ’
1246 1868 1348 1909 ἱερῶν
1373 1869 1435 1910 φέ-

791 1925 907 1955 ροντα,
934 1911 976 1945 δι’
993 1912 1110 1954 ὅρκων
1126 1913 1212 1955 δρᾶν
1237 1911 1289 1946 ἀεὶ
1305 1914 1376 1947 δεῖν
1395 1914 1434 1947 τὸ

790 1960 962 1991 τοιοῦτον.
1013 1959 1217 2001 Respicitur
1258 1971 1343 1992 vero
1386 1962 1433 1993 ad

788 2007 1003 2038 creationem
1040 2007 1308 2046 magistratuum
1333 2007 1433 2039 Libr.

789 2052 849 2084 VI.
875 2062 910 2093 p.
940 2051 1018 2085 753.
1047 2051 1086 2082 C.
1104 2052 1149 2083 D.
1165 2053 1432 2093 praescriptam,

788 2098 843 2129 ubi
874 2099 998 2129 verba:
1033 2095 1089 2128 διὰ
1120 2100 1247 2137 τομίων
1280 2096 1431 2140 πορευό-

785 2152 899 2184 μενος,
925 2144 1155 2176 iurisiurandi
1175 2145 1432 2178 solemnitatem

787 2190 998 2231 significant.
1048 2188 1118 2221 Sed
1168 2191 1346 2231 pertinent
1385 2192 1431 2223 ad

789 2233 835 2268 δι’
863 2234 978 2278 ὅρκων
1015 2237 1187 2277 imprimis
1218 2238 1322 2268 etiam
1355 2237 1429 2277 illa,

788 2293 877 2324 quae
909 2284 952 2314 de
989 2283 1115 2314 dueum
1152 2284 1325 2314 exereitus
1361 2283 1430 2315 ele-

787 2331 902 2361 ctione
940 2329 1101 2368 exposita
1131 2332 1212 2358 sunt
1240 2328 1339 2360 Libr.
1367 2329 1428 2360 VI.

785 2387 818 2417 p.
849 2375 928 2409 755.
969 2374 1014 2405 D.
1074 2371 1295 2412 ἐπονομάσας
1342 2370 1431 2405 ἀνθ’

787 2419 873 2453 ὅτου
908 2418 1025 2452 ὅντινα
1064 2418 1304 2460 προβάλλεται,
1338 2417 1430 2452 τοῦτ’

785 2464 870 2499 αυτὸ
899 2463 983 2506 ὀμνι
991 2475 1007 2498 s
1024 2461 1354 2507 ἀντιπροβαλλέσθω
1368 2464 1429 2499 τὸν

786 2513 913 2553 ἕτερον.

833 2557 966 2611 Ρ949,
986 2568 1050 2588 και
1067 2553 1274 2595 ἁπάντων,
1290 2553 1429 2589 ὁπόσα

786 2603 837 2647 μὴ
873 2604 992 2646 φέρει
1028 2602 1084 2643 κ.]
1133 2603 1322 2645 denique
1364 2614 1428 2636 eo—

787 2662 877 2684 rum
904 2649 1110 2686 omnium,
1136 2659 1261 2691 quae,
1297 2659 1429 2691 quan-

788 2702 874 2729 tum
905 2697 1094 2728 humana
1133 2701 1272 2727 mente
1310 2705 1428 2737 prae-

790 2744 938 2775 videri
988 2741 1157 2782 possit,
1206 2742 1428 2782 peieranti

1104 2788 1157 2827 ‘24

1469 887 1552 927 949
