1781 2971
267 117 352 158 DE
395 115 672 161 LEGIBUS
712 117 827 158 [ΑΒ.
866 116 976 159 XII.
1016 118 1059 158 P.
1095 120 1188 159 942.
1221 117 1285 160 St.
1380 121 1461 161 343

105 238 176 278 καὶ
229 232 281 286 δὴ
334 236 405 276 καὶ
452 237 630 290 χορείας
679 234 826 284 πάσας
874 239 932 285 εἰς
978 236 1058 286 τὰς
1110 234 1333 292 ἀριστείας
1382 234 1463 285 τὰς

104 300 214 344 κατὰ
257 300 452 356 πόλεμον
485 302 737 356 βλεπούσας
770 302 982 357 χορεύειν,
1020 305 1091 345 καὶ
1121 301 1230 354 ὅλην
1260 302 1463 345 εὐκολίαν

105 385 149 412 τε
185 372 258 412 καὶ
295 368 516 425 εὐχέρειαν
553 368 819 420 ὲπιτηὸεύειν
857 371 944 411 τῶν
980 369 1130 412 αὐτῶν
1166 374 1320 419 εἵνεκα,
1359 387 1463 424 καρ-

105 435 298 492 τερήσεις
336 453 379 479 τε
419 428 477 479 αὖ
515 440 646 478 σίτων
681 431 787 498 [τε]
827 439 897 478 καὶ
936 439 1087 480 ποτῶν
1123 439 1193 480 καὶ
1237 438 1462 492 χειμώνων
1513 490 1515 492 ¹

103 507 176 546 καὶ
227 505 311 546 τῶν
356 506 568 546 ἐναντίων
613 506 685 546 καὶ
732 508 880 555 κοίτης
927 506 1139 559 σκληρᾶς,
1196 506 1268 546 καὶ
1318 502 1368 547 τό
1415 521 1461 559 γε
1534 502 1536 507 ’

105 634 230 677 cydide
265 635 397 667 faciunt
430 635 535 666 etiam
566 634 689 676 poetae
717 633 840 673 Attici,
869 634 924 674 qui
951 643 1091 675 semper
1117 634 1216 665 ἕνεκα
1249 635 1300 666 vei
1336 631 1462 667 οὕνεκα

104 680 243 722 dicunt,
278 681 405 713 Jonico
439 681 550 711 εἵνεκα
581 689 723 721 prorsus
757 679 1011 711 abstinuerunt.
1051 691 1080 711 v.
1122 680 1267 712 Brunek.
1308 681 1350 711 ad
1386 683 1464 714 Ari-

105 726 217 769 stoph.
246 727 392 768 Lysistr.
421 737 450 757 v.
477 725 533 760 74.
560 727 602 759 ai.
628 725 786 756 Iacobitz
812 724 854 756 ad
885 724 1024 757 Lucian.
1054 726 1165 760 Vitar.
1194 727 1298 756 Auct.
1327 727 1357 760 6,

199 774 330 804 σίτων
364 783 403 803 τε
434 772 500 803 καὶ
534 770 696 811 ποτῶν]
741 770 852 807 Codd.
887 772 1046 813 plerique
1089 773 1203 811 σιτεῦν,
1245 772 1336 804 unde
1363 773 1464 804 σίτων

103 817 262 850 fecimus.

102 868 187 897 tum.

320 817 391 850 Sed
425 819 540 849 σιτίων
571 818 595 848 f.
628 827 654 848 r.
683 827 713 847 a.
747 815 775 847 δ.
803 827 834 848 ο.
864 821 897 848 et
924 827 1012 850 corr.
1050 815 1087 849 Ω.
1138 818 1330 858 Utrumque
1356 819 1464 851 usita-

239 864 405 897 voculam
443 875 475 895 τε
509 873 586 895 cum
618 866 655 894 A.
683 867 718 894 et
743 872 793 903 pr.
833 860 871 894 Ω.
905 873 973 895 om.
1005 864 1156 896 Bekker.
1185 867 1220 895 et
1248 865 1367 896 Herm.
1396 864 1461 897 Ce-

104 914 215 942 terum
252 916 286 943 et
317 912 403 941 σιτία
438 914 472 941 et
508 913 580 941 σῖτα
615 909 730 940 soiere
756 918 830 939 cum
860 913 978 941 ποτοῖς
1003 910 1116 952 iungi,
1149 910 1267 942 multis
1293 912 1463 953 exemplis

103 955 207 988 docet
235 956 416 989 Heindorf.
444 955 486 988 ad
512 955 694 988 Phaedon.
724 965 754 996 p.
782 953 836 988 64.
866 955 909 986 D.

103 1068 226 1109 perio
277 1067 749 1101 Lacedaemoniorum.

102 1113 298 1156 Xenoph.
342 1114 473 1155 Cyrop.
524 1114 591 1146 III.
635 1114 667 1147 3.
709 1114 752 1148 6:

105 1158 199 1197 ὅπως
241 1161 294 1191 καὶ
334 1158 458 1192 ἐκεῖνοι
495 1161 604 1201 ἔχοιεν
640 1161 752 1200 τιμᾶν,

104 1207 138 1237 εἴ
168 1215 260 1238 τινας
293 1204 436 1248 ἄγαιντο
474 1208 540 1237 τῶν
578 1203 646 1246 ὑφ’
673 1206 751 1238 ἑαυ-

105 1249 197 1284 τούς.
244 1252 300 1284 ubi
345 1253 449 1294 pauci
493 1252 567 1284 iibri
606 1251 752 1287 ἑαυτοῖς.

105 1298 254 1330 Confert
273 1303 452 1340 praeterea
478 1299 506 1330 H
522 1308 603 1330 erm
616 1309 663 1330 an
675 1309 723 1331 nu
736 1310 752 1330 s

106 1343 334 1377 Demosth.
365 1344 452 1376 Phil.
484 1344 525 1376 li.
554 1345 582 1386 ξ.
610 1344 674 1378 34:
703 1344 752 1376 εἰς

106 1388 188 1427 τοὺς
218 1387 288 1421 ὑπὸ
319 1393 412 1431 χεῖρα
443 1389 582 1430 μάλιστα
607 1391 669 1431 τὴν
695 1388 751 1432 ὀρ-

104 1434 171 1478 γήν
199 1432 372 1476 ἀφιέντας.
440 1437 627 1468 Aristot.
673 1436 750 1469 Eth.

104 1482 180 1514 Nic.
222 1482 289 1514 ΙΙΙ.
331 1483 387 1518 12,
426 1482 457 1516 7.
501 1479 664 1515 εὐπειθὲς
700 1483 753 1514 καὶ

107 1525 176 1560 ὑπὸ
213 1526 250 1559 τὸ
294 1525 411 1570 ἄρχον.
486 1528 646 1562 Pertinet
687 1528 753 1561 huc

106 1574 210 1606 etiam
249 1574 342 1615 quod
380 1574 511 1616 pariter
553 1574 618 1606 dici
661 1576 754 1607 solet

107 1616 173 1661 ὑφ’
205 1617 331 1651 ἑαυτὸν
368 1619 550 1652 ποιεῖσθαί
581 1632 608 1651 τι
648 1626 754 1662 atque

108 1662 175 1707 ὑφ’
213 1665 325 1697 ἐαυτιιῐ
369 1666 563 1704 ποιεῖσθαι
601 1666 645 1698 de
683 1677 750 1708 qua

106 1712 251 1745 formula
279 1723 307 1743 v.
338 1711 527 1754 Lennep.
555 1712 596 1744 ad
616 1711 750 1745 Phalar.

107 1770 140 1800 p.
176 1757 256 1792 242.
292 1758 491 1790 Fischer.
533 1758 574 1790 ad
609 1758 749 1791 Weiler.

108 1804 278 1837 V01.111.
309 1804 482 1845 P.11.p.
520 1804 750 1839 278.etn0s

107 1850 150 1882 ad
177 1849 302 1904 Remp.
330 1850 353 1881 1.
370 1862 402 1891 ρ.
431 1849 500 1884 348
536 1851 576 1882 Ι).
626 1851 750 1892 Itaque

110 1895 148 1927 τὰ
181 1891 242 1927 ὑπ’
281 1891 499 1937 ἀνθρώπους
529 1896 639 1937 θηρία
671 1901 751 1928 sunt

109 1944 129 1973 b
149 1943 291 1973 estiae
333 1942 411 1973 sub
440 1941 649 1974 hominum
679 1953 754 1983 po-

110 1991 316 2020 testatem
345 1989 576 2019 redactae.

153 2034 199 2065 D.
251 2033 320 2063 καὶ
347 2031 397 2074 δὴ
426 2033 494 2064 καὶ
518 2036 751 2074 χορείας-

108 2077 338 2121 χορευέιν]
389 2079 446 2110 Α(1
483 2079 544 2110 hos
570 2080 753 2112 infinitivus

109 2137 150 2159 ex
186 2125 365 2166 superiore
404 2123 596 2166 ἐξαιρετέον
628 2125 751 2157 inteili-

108 2182 171 2213 gas
199 2170 264 2208 δεῖ,
296 2173 358 2203 nisi
388 2171 478 2202 forte
510 2175 666 2212 praestat
692 2183 753 2204 eos

110 2217 304 2258 imperativi
340 2217 469 2248 vicibus
494 2217 588 2253 fungi
615 2223 749 2258 putare.

110 2263 199 2294 Dein
225 2262 316 2303 quod
343 2263 493 2304 iungitur
528 2259 689 2294 εὐκολίαν
721 2274 753 2295 τε

113 2309 166 2340 καὶ
198 2307 379 2350 εὐχέρειαν.
408 2309 532 2340 eodem
563 2309 666 2341 modo
697 2312 751 2341 ΑΙ·

113 2354 179 2385 cib.
208 2354 231 2384 i.
260 2365 291 2394 p.
319 2354 396 2387 122.
425 2354 470 2385 C:
507 2353 556 2385 εἰς
581 2351 754 2396 εὐχέρειαν

113 2401 168 2432 καὶ
180 2396 341 2431 εὐκολίαν
357 2397 598 2440 (ἀποβλέψας).
619 2400 753 2438 Quam-

113 2457 214 2487 quam
243 2445 294 2478 iiic
321 2451 587 2486 utrumqueuon
614 2446 656 2477 de
682 2448 753 2479 ani—

114 2503 170 2524 mo
203 2491 265 2524 sed
314 2492 357 2523 de
404 2501 553 2531 corpore
590 2492 756 2534 accipien-

115 2538 194 2569 dum
223 2542 293 2570 est.
323 2539 367 2569 ita
400 2542 433 2568 ut
475 2532 627 2579 ευχέρεια
665 2539 756 2570 desi-

112 2588 198 2625 gnet
224 2583 441 2619 facilitatem,
478 2582 617 2615 εὐκολία
641 2589 756 2617 autem

115 2635 283 2671 promtam
326 2635 552 2671 paratamque
601 2631 754 2663 volunta-

116 2680 207 2714 tem,
239 2686 305 2715 qna
338 2685 464 2716 corpus
498 2675 570 2706 suis
607 2677 756 2709 numeri-

116 2722 181 2753 bus
216 2725 251 2753 et
283 2721 405 2754 officiis
438 2719 524 2753 haud
559 2731 664 2764 aegre
698 2733 758 2755 nee

821 1068 1000 1100 difficulter
1027 1068 1186 1110 fungitur.
1238 1068 1298 1100 Sic
1324 1065 1462 1101 εὐκολία

821 1115 863 1146 de
896 1124 1044 1156 corpore
1070 1115 1153 1146 dixit
1185 1114 1289 1147 etiam
1319 1116 1461 1148 Muso-

820 1160 916 1192 nius
946 1171 1000 1199 ap.
1031 1159 1132 1192 Stob.
1154 1161 1268 1193 Serm.
1294 1161 1318 1193 Ι.
1347 1173 1376 1203 p.
1408 1163 1461 1198 17.

823 1210 858 1239 et
883 1205 1084 1239 LXXXm.
1112 1217 1143 1248 p.
1161 1206 1240 1240 489.
1269 1203 1289 1246 ἧ
1315 1205 1350 1238 δ’
1378 1205 1461 1240 ἀνυ-

822 1250 972 1292 ποδησιά
999 1250 1126 1294 πολλὴν
1151 1249 1295 1284 ἀλυπίαν
1325 1254 1379 1286 καὶ
1406 1252 1461 1287 εὐ-

823 1299 937 1330 κολίαν
952 1298 1087 1340 παρέχει
1103 1303 1174 1330 τοῖς
1200 1301 1314 1331 ποσίν.
1335 1301 1390 1337 W
1401 1302 1409 1332 i
1420 1311 1439 1333 n
1451 1318 1463 1325 ·

821 1345 1107 1377 ckeimannus
1147 1350 1264 1378 lamen
1311 1347 1463 1379 scriben

822 1391 901 1421 dum
930 1395 1068 1424 censet:
1095 1391 1149 1422 καὶ
1175 1388 1258 1432 ὅλην
1282 1389 1465 1435 ευμάρειαν

821 1434 1042 1476 ἐπιτηδεύειν.
1071 1437 1233 1469 Nimirum
1266 1438 1466 1478 Photius,

822 1494 854 1524 p.
882 1481 939 1522 35
966 1483 1098 1516 7-92
1125 1480 1336 1538 εὐμαρής
1362 1485 1464 1516 εὔκο-

823 1530 891 1566 λος,
922 1524 1075 1569 εὐχερής.
1126 1529 1180 1561 Id.
1211 1526 1461 1571 εωμάρειαι·

821 1571 998 1616 εὐχέρειαι.
1027 1573 1311 1608 Similiteretiam
1329 1577 1465 1618 Etym

827 1621 958 1662 Magn.
987 1631 1019 1661 ρ.
1044 1619 1130 1654 393:
1161 1620 1380 1673 Εὐμαρής·
1406 1621 1464 1655 εὔ·

824 1667 942 1706 nelos,
977 1662 1131 1708 εὐχερής,
1158 1664 1335 1709 εὕληπτος.
1399 1670 1464 1702 Ve-

823 1723 898 1745 rum
942 1712 1020 1744 inde
1063 1711 1223 1753 quidnam
1267 1715 1463 1747 verisimili-

821 1759 951 1791 tudinis
989 1758 1210 1791 coniecturae
1259 1762 1464 1802 propositae

821 1805 1041 1843 concinetur,
1075 1803 1164 1836 haud
1190 1816 1274 1838 sane
1300 1807 1462 1848 inteiligi-

822 1861 909 1883 mu5.
982 1850 1156 1883 Quocirca
1197 1853 1295 1884 unice
1337 1854 1462 1894 proba-

821 1907 896 1928 mus
923 1896 1014 1936 quod
1041 1896 1185 1927 inlibris
1205 1899 1362 1931 omnibns
1391 1910 1463 1931 me-

822 1943 952 1974 moriae
979 1941 1149 1981 proditum
1179 1949 1243 1974 est.

867 1988 912 2019 D.
941 1984 1228 2028 καρτερήσεις
1255 2000 1293 2020 ze
1317 1985 1370 2021 αὖ
1398 2000 1461 2021 σι·

823 2034 919 2065 τίων
944 2044 982 2064 τε
1006 2033 1074 2064 καὶ
1100 2035 1258 2075 ποτῶν]
1288 2035 1464 2076 videncet,

823 2090 926 2120 quum
955 2080 994 2110 iis
1020 2085 1081 2110 aut
1111 2081 1248 2112 omnino
1275 2081 1464 2114 carendum

823 2130 888 2161 est,
915 2131 973 2157 ant
999 2124 1179 2157 fruendum
1210 2128 1396 2159 iilioribus.

868 2172 934 2203 καὶ
962 2168 1008 2202 τό
1040 2182 1085 2212 γε
1109 2171 1340 2214 μέγιστον]
1377 2173 1462 2205 und

821 2228 904 2250 was
929 2216 1119 2249 vollends
1154 2228 1231 2250 von
1258 2221 1464 2258 grdsster

821 2263 1082 2305 Bedeutung
1109 2265 1174 2295 ist.
1226 2264 1346 2306 Neque
1373 2265 1462 2297 enirn

823 2321 860 2351 γε
900 2319 1191 2348 supervacaneum
1245 2316 1309 2341 est.
1375 2311 1463 2343 Mire

826 2354 1085 2394 Bernhardy
1120 2354 1263 2395 syntax.
1306 2367 1337 2396 p.
1382 2356 1461 2391 327

825 2401 1122 2442 ,Vermieden
1178 2403 1322 2433 wurde
1372 2401 1463 2434 hier

826 2448 893 2480 ein
934 2445 1242 2478 Einsciniebsei
1301 2448 1376 2479 wie
1419 2459 1464 2490 γε

826 2493 930 2524 und-
949 2489 1016 2532 δή,
1064 2490 1142 2522 das
1188 2492 1256 2525 bei
1305 2494 1464 2535 ερῆῑεη

827 2538 973 2578 h‘aufig
1014 2536 1136 2569 Statt
1185 2537 1345 2579 findet,
1395 2539 1464 2572 die

828 2586 963 2616 Alten
991 2593 1066 2614 nur
1098 2584 1139 2614 in
1174 2583 1464 2618 unkorrecter

828 2630 992 2663 Rede.‘¹
1030 2628 1072 2660 ad
1107 2639 1196 2669 quae
1232 2631 1279 2662 vir
1305 2631 1467 2663 doctissi-

828 2686 904 2708 mus
938 2675 1024 2706 inme
1058 2675 1166 2716 ipsum
1198 2676 1310 2708 iocum
1345 2678 1466 2709 Plato-

827 2723 878 2755 nis
911 2720 1019 2753 nffe-rt.
1077 2719 1147 2753 Sed
1181 2721 1263 2763 quid
1295 2722 1326 2754 in
1354 2732 1394 2755 eo
1421 2723 1468 2755 sit
