1781 2971
161 119 245 162 DE
277 116 553 161 LEGIBUS
586 115 704 158 LIB.
736 114 845 158 XII.
879 114 924 157 P.
957 116 1051 158 943.
1085 115 1183 156 944.
1213 112 1276 156 St.
1338 114 1422 156 349

62 253 131 280 νοι
160 234 237 291 ἅμ’
282 235 492 290 εἴπωμεν,
536 238 571 277 εὶ
606 235 840 289 κομισθεὶς
875 235 943 275 ἐπὶ
981 232 1147 285 σκηνὴν
1187 230 1292 273 ἄνευ
1331 231 1419 272 τῶν

63 303 212 348 ὅπλων
252 302 520 358 Πάτροκλος
555 305 749 356 ἔμπνους
785 299 982 355 ἐγένεθ’,
1020 299 1116 343 οἷον
1157 299 1209 351 δη
1245 301 1419 354 μυρίοις

63 377 285 420 συνέπεσε,
326 369 378 412 τὰ
418 371 462 412 δὲ
502 368 695 424 πρότερα
737 373 877 412 ἐκεῖνα
915 365 1055 417 ὅπλα,
1091 365 1119 409 ἃ
1157 368 1299 418 Πηλεῖ
1333 382 1419 424 φη-

62 455 129 481 σιν
174 436 197 480 ὁ
247 434 434 489 ποιητὴς
483 434 605 490 παρὰ
654 437 777 479 θεῶν
821 442 985 490 προῖκα
1033 439 1079 477 ἐν
1123 441 1218 483 τοῖς
1261 432 1421 487 γάμοις

62 506 339 556 ἐπιδοθῆναι
379 504 544 553 Θέτιδι,
581 505 724 545 ταῦτα
767 505 810 545 δὲ
840 500 1007 557 “Έκτωρ
1045 500 1173 556 εἶχεν,
1226 500 1326 553 ἐξῆν
1361 496 1419 542 ἂν

63 575 151 614 τῶν
189 572 289 614 τότε
324 570 422 613 ὅσοι
459 588 586 613 κακοι
625 569 850 622 ὀνειδίζειν
896 566 1044 611 ὅπλων
1082 567 1320 621 ἀποβολὴν
1358 568 1417 621 τῷ

63 641 143 682 τοῦ
182 641 440 681 ΙΠενοιτιᾝου
489 641 553 680 ἔτι
590 639 633 680 δὲ
671 635 834 680 ὁπόσοι
870 633 984 679 κατὰ
1032 634 1238 713 κρημνῶν
1273 632 1423 692 ῥιφέν-

64 723 133 756 τες
168 704 406 748 ἀπώλεσαν
447 702 588 753 ὅπλα,
630 701 654 755 ἢ
688 703 801 746 κατα
842 701 1099 752 θαλατταν,
1139 699 1164 754 ἢ
1194 699 1419 756 χειμώνων

63 779 111 815 ὲν
146 771 299 821 τόποις
334 769 662 826 ὑποδεξαμένης
697 768 866 820 αὐτοὺς
897 769 1106 827 ἐξαίφνης
1142 769 1309 819 πολλῆς
1345 764 1420 825 ῥύ·

67 854 172 888 σεως
207 838 397 889 ὓδατος,
434 835 461 889 ἢ
498 837 619 893 μυρί’
663 835 721 879 ἂν
759 841 845 892 ἔχοι
883 854 949 887 τις
985 838 1173 879 τοιαῦτα
1213 850 1420 890 παραμυ-

64 904 295 961 θούμενος
360 904 539 961 ἐπᾴδειν
556 938 564 954 ,

642 903 905 958 εὐδιάβολον

969 901 1107 946 κακὸν
1177 900 1418 944 καλλύνων.

113 1060 121 1067 “
155 1058 177 1092 δι’
214 1059 347 1101 Πηλεῖ
375 1058 502 1100 φησὶν
527 1059 591 1100 ——]
626 1057 685 1090 Sic
711 1059 756 1090 A.
788 1059 836 1090 Ω.
867 1058 904 1090 Ξ.
934 1068 964 1090 v.
993 1057 1012 1089 f.
1041 1067 1068 1089 r.
1094 1068 1124 1089 a.
1152 1067 1181 1089 c.
1207 1057 1237 1089 δ.
1266 1069 1297 1088 ο.
1348 1056 1418 1089 Sed

68 1107 144 1139 ΑΜ.
183 1106 281 1138 Bass.
320 1106 352 1139 1.
383 1104 404 1138 2

409 1130 414 1136 .
451 1103 544 1136 δ’πλα
577 1104 701 1144 ἄηηλεῖ
735 1105 826 1146 φησί.

882 1105 982 1137 Unde
1017 1102 1217 1145 Stephanus
1248 1103 1420 1135 Coi-nario

65 1157 212 1186 auctore
238 1152 389 1184 refinxit:
417 1149 509 1182 δ’πλα
535 1148 711 1192 Πηλείδου
737 1151 830 1193 φησί.

66 1290 144 1323 ΧΠ.
172 1289 252 1324 386.
301 1288 451 1330 Spartae
484 1288 518 1319 οἱ
541 1286 711 1330 ῥιψάσπι-

67 1337 122 1372 δες
160 1337 262 1368 etiam
296 1334 419 1376 capitis
453 1334 622 1374 supplicio
661 1333 712 1364 af-

68 1382 150 1414 fecti
181 1381 290 1414 sunt?
341 1380 420 1412 Hoc
450 1381 557 1421 igitur
583 1380 712 1411 crimen

68 1427 292 1470 philosophus
328 1426 432 1458 docet
464 1434 533 1457 non
563 1426 711 1457 inferen-

68 1475 150 1506 dum
179 1484 256 1506 esse
281 1473 355 1505 aliis
381 1472 444 1504 nisi
469 1481 543 1503 cum
564 1471 712 1503 maxima

70 1521 255 1557 cautione,
290 1518 450 1559 quoniam
479 1527 713 1559 saepenume-

70 1577 108 1598 ro
140 1566 341 1607 ambiguum
374 1564 420 1595 sit
458 1568 494 1596 et
531 1564 713 1602 incertum,

70 1622 147 1644 num
188 1613 265 1652 quis
304 1619 424 1643 revera
458 1620 542 1651 prae
575 1609 713 1650 ignavia

70 1662 105 1690 et
129 1658 315 1689 timiditate
341 1666 434 1688 arma
464 1656 640 1688 abiecerit.

119 1725 158 1757 Ρ.
174 1724 254 1760 944.
283 1736 363 1767 προ
379 1722 615 1767 ςχρώμενοι
643 1721 712 1766 ἅμ’

72 1771 281 1814 εἴπωμεν]
331 1770 514 1812 Loquendi
565 1769 712 1802 formam

72 1819 224 1850 illustrat
250 1816 460 1850 Matthiae
486 1816 548 1848 Gr.
577 1816 607 1857 ξ.
633 1816 714 1850 565.

72 1874 148 1896 ann.
183 1864 216 1897 2.
275 1863 441 1895 Proxima
477 1862 716 1903 interpreteris

74 1911 139 1942 sic:
184 1909 226 1940 Si
259 1909 500 1941 Patroclus
527 1909 622 1940 sine
649 1908 716 1946 iis,

74 1955 239 1997 quibus
298 1955 529 1993 utebatur,
577 1955 716 1985 armis

74 2013 172 2055 (ἄνευ
199 2005 287 2046 τῶν
311 2008 438 2050 ὅπλων)
455 2010 629 2051 spirans
648 2010 715 2042 ad-

77 2069 153 2102 hue
179 2073 312 2108 atque
340 2067 469 2098 vivus
495 2065 544 2098 ad
572 2070 716 2099 tento·

76 2115 182 2147 rium
213 2118 342 2146 esset
368 2113 583 2154 perlatus,
608 2111 717 2154 qnod

76 2160 258 2202 quidem
309 2159 557 2191 innumeris
610 2159 715 2190 acci-

76 2207 152 2246 dit,
181 2210 225 2238 et
253 2205 288 2236 si
313 2206 464 2247 priora
491 2205 567 2236 iiia
593 2215 718 2245 arma,

77 2262 188 2294 quae
224 2254 361 2292 poeta
394 2255 547 2284 narrat
578 2261 599 2283 a
631 2251 719 2283 diis

78 2299 194 2330 inter
218 2299 393 2338 nuptias
423 2296 604 2329 Thetidi
632 2301 719 2329 tan-

77 2353 208 2385 quam
261 2342 411 2374 dotem
461 2353 532 2384 pro
582 2343 719 2376 Peleo

79 2391 128 2430 (in
160 2388 308 2429 gratiam
339 2387 451 2425 Pelei)
477 2389 576 2420 data
608 2399 720 2428 esse,

79 2435 250 2468 Hector
280 2433 534 2473 habuisset3
567 2435 720 2466 licuis—

81 2486 150 2513 set
205 2485 310 2512 tunc
363 2489 465 2511 sane
519 2481 723 2520 pessimis

80 2526 336 2568 quibusque
372 2524 472 2557 filio
506 2525 721 2559 Menoetii

81 2572 337 2614 opprobrio
376 2574 549 2603 vertere
587 2583 722 2606 armo-

81 2627 175 2650 rnm
215 2617 532 2650 abiectionem.
598 2619 648 2651 De
686 2630 724 2651 re

81 2664 161 2706 ipsa.
185 2664 347 2695 consulas
372 2661 474 2694 Iliad.
496 2662 595 2695 XVI.
613 2664 724 2697 xvii.

83 2720 115 2740 v.
144 2708 209 2744 125
234 2719 310 2751 sqq.
345 2708 483 2741 XVIII.
519 2719 548 2740 v.
577 2709 621 2745 84
646 2721 722 2753 sqq.

781 1288 825 1319 ai.
876 1286 963 1318 Post
999 1285 1040 1317 τὰ
1069 1286 1104 1318 δὲ
1134 1285 1286 1329 πρότερα
1312 1287 1422 1317 ἐκεῖνα

783 1332 877 1374 quod
905 1337 985 1374 post
1013 1333 1118 1364 verba
1148 1333 1329 1365 interiecta
1356 1332 1422 1363 ite-

782 1384 882 1418 ratur
907 1381 1021 1409 ταῦτα
1048 1378 1103 1418 δέ,
1139 1377 1182 1410 de
1218 1389 1260 1410 eo
1288 1389 1318 1410 v,
1344 1388 1421 1410 ann.

783 1426 828 1456 ad
860 1423 1036 1456 Charmid.
1066 1435 1098 1466 p.
1122 1423 1202 1458 163.
1223 1424 1262 1456 C.
1290 1423 1423 1457 Phileb.

783 1483 815 1513 p.
849 1471 905 1504 34.
942 1474 981 1502 Α.
1015 1489 1060 1494 —-
1116 1470 1204 1502 Post
1243 1473 1311 1501 τῶν
1343 1468 1424 1501 τότε

782 1517 862 1549 Sam
888 1517 991 1547 κακοί
1012 1515 1073 1548 int.
1099 1515 1253 1553 τούτοις.

830 1586 895 1616 ἔτι
922 1584 964 1615 δὲ
991 1581 1234 1626 οπο’σοι--]
1261 1584 1329 1615 Int.
1351 1583 1383 1618 ἒξ
1387 1586 1426 1622 Jv

782 1630 824 1662 ἂν
864 1629 1043 1667 δι”ειδιζειν
1082 1629 1197 1662 ὅπλων
1232 1628 1424 1670 ἀποβολήν.

785 1677 869 1709 Dein
903 1676 1086 1718 legendum
1120 1681 1222 1730 puto·
1255 1674 1276 1716 ἢ
1300 1674 1426 1717 χειμώ-

786 1735 847 1754 νων
881 1722 914 1753 ἐν
946 1720 1086 1762 κόποις,
1120 1723 1162 1754 ἰη
1192 1722 1426 1754 laboribus

785 1778 862 1811 per
904 1772 1203 1809 tempestates
1244 1778 1291 1800 ac
1329 1777 1426 1809 pro-

786 1816 926 1848 cellas
967 1815 1135 1846 allatis.
1180 1814 1427 1847 Oreliius

785 1861 927 1894 coniicit
965 1861 998 1891 ἐν
1037 1858 1174 1899 κότοις,
1213 1859 1427 1892 Winckei—

787 1915 980 1940 mannus:
1013 1905 1047 1936 ἐν
1076 1904 1251 1948 στρόβοις.
1302 1906 1427 1938 Possis

787 1954 909 1986 etiam:
939 1952 979 1982 ἐν
1006 1949 1170 1991 πόνοις,
1197 1950 1290 1991 quod
1310 1956 1427 1983 tamen

787 1999 831 2030 ab
869 1997 1046 2038 scriptura
1081 1997 1247 2029 librorum
1293 1997 1429 2037 longius

787 2043 937 2083 recedit,
969 2053 1072 2084 quam
1099 2042 1191 2084 quod
1217 2053 1321 2086 supra
1347 2053 1429 2085 pro-

788 2099 983 2133 posuimus.

839 2159 877 2191 B.
929 2156 950 2199 ἢ
980 2155 1099 2200 μυρί’
1132 2155 1184 2187 ἄν
1216 2158 1310 2198 ἔχοι
1342 2155 1428 2198 τις]

787 2204 884 2238 Talia
918 2212 1171 2246 saepenumero
1201 2202 1337 2235 annecti
1374 2211 1431 2233 su-

789 2251 996 2293 perioribus,
1024 2250 1184 2291 neglecta
1209 2250 1433 2290 antegresso-

787 2307 862 2330 rum
914 2297 1101 2328 verborum
1157 2294 1431 2332 constructione,

789 2343 917 2376 dudum
977 2340 1134 2374 ostendit
1202 2340 1430 2373 Heusdius

788 2388 942 2432 Specim.
971 2388 1059 2420 Crit.
1147 2386 1202 2420 14.
1231 2391 1265 2419 et
1292 2388 1431 2426 Augu-

792 2441 884 2468 stus
929 2432 1144 2466 Matthiae
1181 2431 1244 2463 Gr.
1282 2431 1313 2473 ξ.
1349 2431 1429 2466 474.

792 2482 837 2513 D.
872 2481 974 2512 Conf.
1009 2479 1162 2520 Apoiog.
1191 2478 1290 2510 Socr.
1316 2489 1350 2520 p.
1373 2478 1430 2512 41

793 2527 832 2560 Ο.
860 2527 970 2567 Gorg.
998 2536 1030 2566 p.
1051 2523 1131 2558 483.
1158 2524 1199 2556 D.
1250 2524 1432 2557 Sententia

794 2573 876 2606 haec
892 2576 963 2604 este
992 2575 1032 2603 et
1058 2581 1166 2612 quae
1191 2570 1288 2612 quis
1313 2570 1433 2602 innu-

794 2629 910 2652 mera
938 2616 1164 2650 eiusmodi
1198 2617 1345 2659 possit
1374 2616 1432 2647 af-

793 2665 909 2698 ferre
935 2663 1138 2696 criminis
1167 2667 1208 2695 et
1233 2661 1431 2695 leniendi

794 2715 834 2744 et
881 2708 1135 2742 excusandi
1184 2708 1343 2750 gratia.
1390 2726 1434 2731 —
