1781 2971
293 104 374 145 338
794 100 1177 143 PLAToNis

296 217 408 262 κατὰ
447 214 618 261 τούτων
655 221 787 260 ἔστων
823 216 880 267 ὡς
903 216 1064 272 Lyttos)
1101 234 1172 259 και
1201 215 1304 266 Διὸς
1338 216 1544 272 ἀγγελίας
1579 234 1652 260 και

299 284 512 335 ἐπιτάξεις
549 284 670 339 παρὰ
707 282 847 339 νόμον
883 283 1213 338 ἀσεβησάντων,
1250 287 1415 338 τίμημα
1454 287 1509 335 δὲ,
1547 281 1570 327 ὅ
1610 300 1652 326 τι

222 351 260 392 Β
296 369 380 408 χρη
419 351 601 406 πάσχειν
639 349 662 403 ἢ
701 349 950 400 ἀποτίνειν,
987 350 1066 393 ἐὰν
1102 347 1232 410 ὅφλη.

404 415 562 468 Κλοπὴ
599 421 679 472 μὲν
718 418 959 474 χρημάτων
1004 417 1326 471 ἀνελεύθερον,
1375 415 1556 472 ἁρπαγὴ
1608 417 1652 458 δὲ

300 485 618 539 ἀναίσχυντον·
658 487 744 526 τῶν
781 482 883 533 Διὸς
919 486 962 527 δὲ
999 488 1122 527 υἱέων
1169 483 1311 533 οὐδεὶς
1360 480 1463 528 οὔτε
1507 484 1655 532 δόλοις

303 548 405 596 οὔτε
432 553 509 607 βίᾳ
535 554 702 606 χαίρων
740 550 1039 603 ὲπιτετήδευκε
1077 550 1257 593 τούτοιν
1295 549 1541 606 οὐδέτερον.
1572 567 1654 604 μη-

302 620 386 667 δεὶς
423 612 503 661 οὖν
540 616 626 660 ὑπὸ
664 619 859 669 ποιητῶν
895 617 996 672 μηδ’
1039 615 1181 667 ἄλλως
1217 616 1305 660 ὑπό
1346 634 1476 659 τινων
1507 618 1656 670 μυθο-

302 683 445 739 λόγων
501 687 763 739 πλημμελῶν
817 687 912 739 περὶ
972 683 1022 726 τά
1084 686 1274 727 τοιαῦτα
1323 683 1658 738 ἐξαπατώμενος

302 751 651 802 ἀναπειθέσθω,
687 754 758 794 καὶ
785 753 976 793 κλέπτων
1014 748 1039 803 ἢ
1077 749 1340 805 βιαζόμενος
1377 752 1540 793 οἰέσθω
1575 767 1655 805 μη-

305 821 377 861 δὲν
405 823 587 873 αἰσχρόν
623 826 764 861 ποιεῖν
788 816 886 860 ἀλλ’
917 816 1030 873 ἅπερ
1057 817 1186 861 αὐτοὶ
1212 820 1313 860 θεοὶ
1340 819 1525 872 δρῶσιν·
1555 815 1657 858 οὔτε

303 884 388 941 γάρ
434 885 610 937 ἀληθὲς
664 883 759 927 οὔτ’

397 1036 436 1070 P.
461 1036 540 1071 941.
571 1037 609 1069 Β.

307 1168 552 1211 ἀσεβησάντων
574 1170 747 1211 refingere
768 1172 846 1204 iicet
868 1168 943 1209 α’με-

309 1215 493 1258 λησάντων,
517 1217 609 1259 quod
642 1217 817 1249 Ficinus
850 1217 944 1248 vide-

307 1268 364 1294 tur
403 1263 548 1304 legisse:
597 1272 672 1294 nam
708 1262 771 1295 hoc
805 1263 942 1303 quidem

307 1309 451 1340 verbum
487 1308 625 1340 dubium
662 1318 730 1340 non
773 1313 826 1340 est
867 1308 944 1348 quin

309 1356 411 1387 etiam
441 1365 516 1386 cnm
544 1356 746 1386 accusativo
773 1355 944 1395 iungatur.

311 1400 436 1433 Verum
471 1405 585 1432 tamen
610 1405 649 1432 ut
674 1402 808 1432 cautius
841 1401 872 1431 in
907 1410 945 1432 ea

308 1456 346 1478 re
389 1456 584 1484 versemur,
629 1447 782 1486 graviter
825 1445 945 1478 admo-

308 1496 390 1524 nent
424 1493 581 1533 exempla
615 1490 712 1524 huius
754 1497 949 1524 structurae

307 1536 394 1570 haud
440 1547 523 1569 sane
566 1536 668 1569 dubia
710 1542 768 1569 aut
810 1542 949 1569 contro-

309 1592 427 1623 versa,
459 1592 546 1623 quae
577 1584 715 1625 collegit
748 1582 949 1625 Musgra-

311 1630 406 1660 vius
442 1628 485 1660 ad
534 1628 649 1670 Eurip.
696 1628 877 1660 Phocais-«³.
919 1639 949 1662 v.

309 1673 411 1708 1331.
439 1673 571 1715 (1360).
623 1674 746 1714 Lysias
774 1685 805 1715 p.
827 1674 884 1708 13.
908 1684 950 1704 z

308 1720 364 1754 63.
392 1720 423 1753 1.
451 1719 533 1751 τοὺς
567 1717 638 1750 ἅνω
672 1717 782 1751 θεοὺς
815 1716 948 1760 α’σεβεῐ-

311 1765 406 1798 σθαι.
466 1764 680 1799 Plutarch.
727 1765 817 1808 Opp.
859 1765 948 1797 Mor.

310 1823 343 1854 p.
388 1811 466 1846 519.
509 1808 645 1852 ἀσεβεῖν
691 1808 772 1843 τούς
825 1809 948 1843 θεούς.

311 1856 394 1890 ibid.
428 1869 460 1899 p.
495 1857 596 1891 1829.
630 1859 663 1888 τί
684 1855 745 1899 τὴν
768 1855 948 1897 θεσμοφό-

311 1914 374 1945 ρον
404 1901 558 1944 ἀσεβεῖτε
586 1900 792 1945 Δήμητραν;
828 1905 881 1935 Ac
907 1902 951 1936 de

309 1949 417 1982 verbo
465 1946 623 1991 εὐσεβεῖν
675 1948 798 1982 eodem
845 1948 950 1981 modo

311 1999 511 2028 constructo
557 2007 587 2027 v.
635 1995 859 2027 Hermann.
908 1994 950 2026 ad

311 2040 476 2081 Sophocl.
523 2041 634 2083 Antig.
681 2053 711 2072 v.
756 2041 832 2074 727.
873 2041 949 2073 coli.

313 2086 604 2119 Valckenario
636 2086 678 2118 ad
708 2087 892 2119 phoeniss.
921 2096 951 2117 v.

313 2132 412 2166 1331.
447 2132 503 2174 qui
535 2133 568 2165 in
603 2132 726 2164 talibus
758 2126 796 2162 εὖ
839 2131 954 2172 σέβειν

312 2178 455 2221 putabat
490 2177 710 2210 scribendum
745 2188 835 2210 esse.
889 2181 952 2208 Ac-

312 2224 420 2261 cedit,
461 2224 552 2266 quod
591 2224 710 2256 simiiis
757 2227 811 2255 est
865 2223 953 2254 ratio

313 2270 418 2303 etiam
461 2270 606 2303 aliorum
641 2269 839 2309 verborum,
864 2279 952 2310 quae

310 2325 415 2357 quum
443 2317 582 2358 proprie
607 2316 823 2348 intransitive
849 2314 951 2356 signi-

312 2362 425 2401 ficent,
452 2365 651 2394 tamennon
677 2360 781 2394 modo
807 2370 952 2392 accusa-

313 2408 417 2440 tivum
436 2408 588 2440 neutrius
605 2407 750 2449 generis,
770 2406 831 2439 sed
850 2406 951 2438 etiarn

312 2454 545 2485 accusativum
561 2454 783 2486 masculinum
796 2462 836 2484 ac
851 2452 950 2484 femi-

313 2498 428 2530 ninum
445 2498 812 2541 adscisruntffluorum
831 2497 950 2529 verbo-

315 2553 390 2576 rum
418 2545 562 2584 plurima
599 2545 814 2577 enumeravit
841 2543 953 2575 Mat-

315 2588 436 2621 thiae
480 2590 542 2622 Gr.
587 2590 647 2623 Gr.
694 2591 725 2630 §-
777 2589 856 2624 412.
903 2599 953 2630 sq.

313 2633 497 2667 Enimvero
520 2637 623 2668 istum
643 2636 878 2668 accusativum
906 2634 955 2666 sa·

312 2681 380 2713 uile
428 2686 570 2723 apparet
620 2683 760 2724 proprie
816 2680 953 2723 quidem

814 883 948 936 εἰκός,
1001 885 1097 926 ἀλλ’

1153 883 1270 934 ὅςτις
1315 886 1398 940 δρᾷ
1452 885 1658 926 τοιοῦτον

660 1033 1003 1079 ἀναπειθέσθω]
1036 1035 1137 1068 Voss.
1166 1045 1196 1067 x.
1227 1034 1370 1066 οἰέσθω.

1015 1171 1211 1211 neutiquam
1245 1169 1440 1210 obiectum,
1479 1169 1571 1210 quod
1599 1178 1660 1201 vo-

1014 1220 1110 1253 cant,
1139 1216 1233 1247 verbi
1260 1216 1409 1248 adiuncti
1437 1216 1660 1257 significasse,

1015 1261 1075 1293 sed
1104 1260 1186 1293 nihil
1218 1262 1389 1294 indicasse
1422 1261 1526 1302 aliud,
1560 1270 1659 1303 quiam

1014 1317 1086 1339 rem
1128 1307 1178 1338 vei
1226 1317 1408 1348 personam
1425 1332 1433 1347 ‚
1473 1307 1515 1338 ad
1559 1316 1660 1348 quam

1014 1354 1106 1385 actio
1133 1353 1238 1384 verbo
1263 1363 1427 1394 expressa
1454 1353 1661 1393 reserretur3

1015 1397 1139 1431 deinde
1157 1408 1238 1430 vero
1257 1400 1399 1441 propius
1411 1398 1452 1431 ad
1468 1399 1660 1431 activorum

1016 1445 1199 1477 verborum
1227 1445 1395 1477 rationem
1421 1444 1624 1477 accessisse.

1063 1492 1223 1532 τίμημα
1270 1489 1312 1522 δὲ
1355 1488 1375 1522 ὅ
1406 1502 1445 1522 τι
1476 1489 1552 1532 χρὴ
1586 1487 1663 1521 πά-

1021 1546 1144 1577 σχειν
1180 1536 1246 1577 -]
1312 1536 1356 1568 Η.
1402 1547 1431 1570 e.
1472 1536 1661 1568 secundum

1021 1584 1132 1623 legem
1169 1582 1212 1613 iis
1248 1582 1430 1624 irroganda
1462 1586 1517 1614 est
1550 1591 1662 1623 poena

1019 1628 1157 1669 aliqua,
1198 1637 1300 1668 quam
1337 1629 1389 1660 vei
1422 1637 1569 1669 corpore
1610 1627 1662 1659 vei

1020 1684 1100 1705 aere
1126 1675 1229 1706 luant.
1279 1673 1382 1707 Quod
1418 1673 1528 1714 ipsum
1555 1673 1663 1713 signi-

1019 1719 1139 1751 ficatur
1180 1717 1324 1751 formula
1372 1719 1534 1751 solemni.
1576 1732 1593 1750 ο
1635 1729 1664 1749 τι

1019 1776 1078 1805 χρη
1114 1763 1252 1804 πάσχειν
1285 1761 1306 1806 ἢ
1337 1763 1512 1796 ἀποτίνειν
1544 1775 1571 1796 s.
1599 1774 1662 1795 πα·

1019 1811 1098 1842 θεῖν
1127 1807 1148 1852 ἢ
1188 1805 1360 1842 ἀποτῖσαι.
1410 1810 1498 1844 Nam
1531 1815 1663 1843 uti-nm-

1018 1866 1085 1898 que
1109 1857 1270 1898 usurpari
1296 1857 1410 1889 solere
1442 1856 1569 1889 docent
1593 1857 1663 1888 loci

1023 1902 1077 1934 Vl.
1115 1902 1193 1937 767.
1221 1901 1260 1936 Ε.
1287 1902 1367 1934 ΧῘΙ.
1395 1902 1473 1937 943.
1502 1903 1540 1935 B.
1581 1901 1662 1937 926.

1022 1948 1061 1980 D.
1088 1950 1130 1980 ai.

1070 1993 1109 2025 Β.
1162 1994 1237 2024 nav
1276 1992 1391 2025 Atos
1441 1993 1485 2025 δὲ
1535 1993 1665 2025 υἱέων

1024 2051 1042 2071 ο
1055 2036 1075 2071 υ’
1085 2037 1102 2070 δ
1113 2040 1147 2070 εἰ
1159 2040 1197 2081 ε]
1225 2040 1438 2072 Mercurium
1463 2040 1640 2082 significat.

1075 2085 1326 2127 πλημμελῶν
1362 2087 1456 2128 περ)
1494 2083 1538 2117 τὰ
1573 2096 1663 2116 τοι·

1023 2133 1122 2162 αῡια
1188 2130 1242 2170 ἐξ.
1286 2131 1361 2173 -]
1448 2131 1664 2163 Baiter-us

1023 2177 1173 2209 correxit
1199 2177 1405 2218 πλημμελεῖν,
1431 2176 1523 2218 quod
1552 2176 1664 2209 Her·

1025 2232 1202 2254 mannus
1232 2223 1321 2254 adeo
1348 2223 1380 2255 in
1406 2222 1561 2255 ordinem
1588 2232 1663 2256 ver-

1023 2268 1145 2300 borum
1173 2269 1313 2308 recepit.
1369 2267 1440 2301 Sed
1469 2269 1600 2301 videtur
1623 2268 1662 2301 li-

1022 2312 1160 2346 brorum
1194 2314 1298 2346 lectio
1334 2314 1553 2348 commodam
1580 2323 1664 2347 sane

1023 2357 1150 2391 habere
1177 2359 1455 2401 oxplicationem‚
1481 2360 1536 2393 ubi
1560 2359 1662 2402 πλημ-

1023 2404 1132 2444 μελῶν
1158 2404 1441 2447 interpretamur:
1477 2416 1525 2439 εει
1550 2405 1588 2438 in
1620 2408 1667 2443 re

1025 2450 1284 2491 delinquens
1367 2457 1407 2483 et
1478 2452 1663 2484 incaute

1024 2506 1178 2537 agens,
1213 2497 1257 2528 ita
1292 2502 1327 2528 ut
1367 2497 1535 2529 sententia
1580 2495 1662 2528 haec

1023 2543 1085 2576 sit:
1121 2552 1246 2574 nemo
1271 2543 1355 2575 sibi
1387 2544 1528 2586 aliter
1561 2552 1663 2582 per-

1023 2587 1213 2621 suaderi
1249 2588 1479 2630 patimur,
1520 2588 1580 2620 itn
1619 2592 1664 2620 ut

1025 2645 1042 2665 a
1069 2639 1196 2667 recto
1223 2634 1438 2667 aberrans
1469 2635 1512 2666 in
1539 2633 1661 2666 frau-

1025 2680 1112 2713 ‹iein
1143 2679 1391 2712 inducatur.
