1781 2971
294 119 378 162 DE
409 118 685 164 LEGIBUS
720 119 840 162 LIB.
873 119 932 162 X.
965 119 1012 162 P.
1047 122 1145 163 904.
1179 119 1244 164 St.
1373 125 1454 166 215

203 239 308 280 ΚΛ.
382 239 442 280 Τὸ
480 239 590 291 γοῦν
624 235 752 287 εἰκός.

201 304 303 347 ΑΘ.
374 303 657 359 ΙΙῙεταβαλλει
679 306 760 359 μὲν
793 309 947 348 τοίνυν
983 304 1133 348 πάνθ’
1177 304 1259 348 ὅσα
1288 308 1452 361 μέτοχα

99 375 190 413 ἐστι
227 372 386 430 ψυχῆς,
421 376 466 414 ἐν
503 376 676 421 ἑαυτοῖς
712 377 951 426 κεκτημένα
989 370 1067 425 τὴν
1094 374 1171 425 τῆς
1205 374 1455 427 μεταβολῆς

100 441 271 480 αἰτίαν·
317 439 656 493 μεταβάλλοντα
695 441 738 481 ὸὲ
788 446 964 497 ᾳέοεται
1011 439 1124 482 κατα
1167 438 1247 492 τὴν
1284 443 1362 491 τῆς
1396 444 1455 484 εἱ-

97 511 322 560 μαρμέιης
357 505 481 558 ταξιν
506 524 578 549 και
617 507 768 561 νόμον.
805 505 1070 562 σμικρότερα
1095 509 1175 560 μὲν
1202 509 1290 549 τῶν
1319 507 1452 558 ἠθῶν

96 572 435 627 μεταβάλλοντα
475 573 640 616 ἐλάττω
688 570 802 615 κατα
842 570 891 616 τὸ
931 575 1008 624 τῆς
1049 573 1198 628 χώρας
1247 577 1453 618 ἐπίπεδον

96 638 458 694 μεταπορεύεται,
497 643 626 683 πλείω
673 642 717 682 δὲ
754 642 826 682 καὶ
862 639 1106 695 ἀδικώτερα
1143 641 1450 694 μεταπεσόντα

190 766 459 809 Μεταβάλλει
489 770 564 809 μὲν
598 771 749 800 τοίνυν
783 766 939 810 πάνθ’]
981 769 1064 801 Eus.
1089 772 1247 812 μέντοιγε
1272 781 1305 802 π.
1355 771 1450 804 ldem

97 815 174 847 dein
206 813 456 857 μεταβαλόντα.
515 816 583 847 Pro
618 814 776 857 φέρεται,
809 814 898 855 quod
929 815 1077 847 debetur
1103 816 1194 847 tibris
1222 817 1267 848 A.
1301 814 1339 848 Ω.
1369 828 1398 848 v.
1427 818 1448 848 f.

94 861 123 891 h.
149 872 175 893 r.
209 872 240 893 a.
273 859 302 895 δ.
337 871 370 893 o.
407 866 440 893 et
467 861 638 898 Eusebio,
667 865 750 893 vett.
779 861 875 892 editt.
901 863 1074 901 φαίνεται,
1101 867 1137 893 ut
1168 861 1271 893 habet
1294 864 1382 895 Ven.
1412 863 1450 897 Ξ.

96 907 181 938 Dein
211 907 294 939 Eus.
325 917 445 939 rursus
470 907 718 950 μειαβαλόντα.
767 907 820 939 De
849 908 1010 940 universo
1036 909 1117 940 loco
1144 908 1228 939 infra
1256 910 1448 951 explicatur

94 953 246 986 uberius.

94 1066 159 1098 ΙΙΙ.
188 1077 219 1108 p.
235 1066 314 1101 396.
335 1066 374 1098 C.
402 1065 469 1097 vid.
496 1065 597 1098 etiam
629 1065 732 1098 Bor-

94 1122 267 1144 nemann
294 1112 336 1145 ad
366 1111 524 1153 Xenoph.
552 1112 678 1154 Cyrop.
708 1113 730 1144 Ι.

92 1158 127 1197 3,
161 1158 192 1191 8.
226 1159 280 1192 ed.
313 1158 414 1192 1840.
454 1158 550 1199 Lips.
608 1159 731 1200 Itaque

93 1203 212 1236 horum
239 1205 422 1237 verborum
448 1205 619 1236 sententia
646 1207 733 1237 haec

93 1254 164 1282 est:
198 1260 289 1282 nam
325 1252 360 1282 si
394 1261 437 1282 ea
469 1251 543 1291 (sc.
579 1248 644 1282 ὅσα
676 1249 731 1290 με’-

92 1307 176 1336 τοχα
215 1297 327 1338 ψυχῆς
370 1295 484 1337 iarn)
520 1296 557 1328 in
596 1297 732 1329 mino-

93 1343 214 1374 ribus
263 1343 430 1385 ingenii
482 1353 730 1384 morumque

93 1388 297 1429 partibus
366 1384 536 1420 minore
605 1389 730 1421 modo

91 1435 294 1476 (minus)
353 1440 589 1474 mutantur,
646 1445 731 1476 per

92 1485 241 1512 terrae
270 1481 500 1521 planitiem
533 1482 570 1511 in
603 1482 729 1512 aliam

91 1527 274 1567 migrant
301 1528 533 1569 regionem,
553 1526 581 1560 h.
610 1537 640 1559 e.
658 1537 730 1558 ma-

90 1576 173 1603 nent
206 1573 236 1603 in
273 1577 386 1605 terrae
421 1574 622 1614 superficie,
649 1572 732 1603 sede.

89 1629 129 1650 ac
161 1617 334 1650 domicilio
376 1620 444 1650 sno*
480 1621 511 1650 in
544 1619 648 1650 aliurn
678 1620 732 1650 lo-

91 1674 168 1695 cum
197 1666 378 1697 transiato.
431 1665 495 1696 His
525 1674 608 1696 vero
636 1669 731 1697 recte

90 1710 338 1742 subiiciuntur:
375 1710 477 1741 πλείω
509 1709 545 1741 δὲ
578 1710 632 1741 καὶ
658 1706 729 1741 ἀδι-

91 1754 220 1797 κώτερα
267 1755 501 1795 μεταπεσόντα
550 1767 579 1787 u.
629 1768 654 1787 τ.
701 1757 727 1788 λ.

92 1802 136 1834 Et
168 1802 210 1834 ad
245 1802 309 1834 ista
341 1802 496 1843 quidem:
538 1802 587 1833 εἰς
610 1801 731 1843 βάθος

90 1846 130 1879 τά
154 1859 188 1879 τε
212 1846 302 1880 κάτω
328 1860 356 1879 κ.
385 1861 408 1880 τ.
437 1850 464 1880 1⁴..
499 1849 728 1889 repetendum

91 1905 133 1926 ex
166 1895 378 1936 antegressis
411 1900 481 1929 est:
521 1893 730 1936 μεταπορεύ-

90 1951 170 1972 εται.
221 1940 306 1972 Nam
337 1938 569 1979 μεταπεσόντα
594 1940 647 1972 hic
678 1941 729 1972 di-

91 1988 181 2019 citur
223 1996 286 2027 pro
334 1985 585 2027 μεταβαλόντα,
625 1986 654 2018 h.
701 1997 731 2018 e.

90 2037 272 2072 mutata,
308 2034 557 2064 mutatione
590 2032 731 2072 facta,

90 2084 129 2111 ut
164 2088 267 2119 supra
296 2089 328 2120 p.
359 2078 439 2113 895.
477 2079 515 2110 B.
542 2079 644 2109 πλείω
669 2089 732 2110 au-

90 2129 159 2157 tem
199 2125 278 2156 item
329 2134 392 2164 pro
447 2124 612 2157 adverbio
661 2129 727 2156 est.

91 2172 211 2211 ltaque
239 2170 344 2202 verba
382 2172 491 2212 liquet
521 2171 570 2202 sic
600 2171 727 2203 intelli-

88 2216 199 2258 genda
243 2225 339 2250 esse:
392 2218 534 2257 magis
583 2222 728 2248 autem

91 2266 255 2294 mutata
295 2267 426 2303 atque
463 2262 542 2302 sic,
586 2266 628 2294 ut
662 2263 726 2293 in-

91 2309 285 2340 iustiora
319 2309 582 2347 extiterint,
628 2309 728 2339 abe-

90 2359 165 2386 unt
208 2354 245 2385 in
292 2354 553 2394 profundum
600 2359 641 2385 ct
686 2354 729 2385 in

91 2400 380 2440 toea·infera,
416 2410 525 2441 quae
552 2399 654 2431 Orci
691 2404 731 2432 et

91 2446 318 2479 similibus
367 2445 614 2478 nominibus
652 2455 728 2486 ap-

71 2493 316 2535 'pellantes
348 2490 604 2523 vehementi
629 2501 728 2523 cor-

92 2539 318 2580 ripiuntur
374 2541 482 2569 metu
539 2542 580 2568 et
635 2541 727 2569 tan-

90 2594 213 2626 quam
241 2583 510 2615 somniantes
530 2583 728 2623 horrent,

91 2631 175 2662 vivi
202 2631 370 2670 pariter
400 2639 446 2660 ac
470 2629 609 2660 soluti
641 2638 728 2660 eor-

90 2676 286 2718 poribus
335 2675 392 2707 De
426 2673 592 2706 adverbio
629 2674 730 2706 πλείω

91 2731 167 2755 cum
212 2722 386 2755 εόίεείίιο
430 2716 612 2761 ἀδικώτερα
650 2730 731 2753 con-

801 1065 935 1097 sociato
963 1075 992 1096 v.
1020 1063 1062 1096 ad
1092 1063 1224 1095 Philet).
1259 1076 1290 1105 p.
1322 1065 1378 1099 41.
1407 1065 1447 1097 C.

802 1116 836 1144 et
855 1110 1026 1143 Phaedon.
1049 1122 1080 1152 p.
1106 1110 1160 1144 93.
1178 1111 1219 1142 B.
1246 1110 1449 1152 Sequuntur

801 1158 952 1198 deniqne
978 1156 1079 1189 haec:
1103 1158 1203 1197 μείζω
1228 1156 1264 1188 δὲ
1289 1156 1329 1199 δὴ
1356 1156 1446 1200 ψυχὴ

802 1205 920 1235 κακίας
955 1214 983 1234 κ.
1020 1215 1045 1235 τ.
1072 1203 1100 1234 λ.
1150 1204 1250 1237 Quae
1282 1214 1399 1235 rursus
1425 1215 1443 1236 a

801 1250 931 1281 criticis
949 1248 1048 1281 *alde
1067 1254 1189 1281 vexata
1215 1254 1305 1281 sunt.
1351 1249 1442 1282 Nam

801 1294 1055 1336 Stephanus
1100 1301 1239 1336 praeter
1277 1296 1440 1328 librorum

799 1342 898 1374 fidem
931 1341 1028 1373 dedit
1060 1342 1183 1382 μείζων
1222 1352 1285 1383 pro
1329 1343 1440 1383 μείζω,

801 1389 974 1420 nescimus
1019 1397 1091 1419 cnr.
1166 1387 1281 1419 Habet
1325 1395 1439 1420 tamen

801 1433 882 1465 iilud
911 1433 1169 1473 Theodoretus,
1201 1433 1349 1465 sortasse
1366 1445 1439 1466 rne-

800 1490 839 1512 ro
866 1490 1046 1520 operarum
1067 1489 1198 1511 errore.
1248 1481 1441 1522 Viget-us

798 1527 854 1565 leg
860 1525 982 1558 endum
1026 1525 1182 1580 censuit
1232 1527 1354 1567 μείζωι
1398 1523 1440 1567 δὴ

800 1569 889 1612 ψιχὴ
932 1573 1052 1603 κακίαν
1088 1568 1108 1612 ἢ
1144 1569 1268 1613 ᾰρετὴν
1308 1569 1441 1604 ὁπόταν

798 1617 998 1658 μεταβάλλῃ.
1072 1617 1181 1650 Porro
1232 1628 1270 1658 μ’·
1274 1629 1294 1649 ο
1342 1630 1438 1657 μετα-

798 1663 905 1706 βάλλῃ
933 1663 1092 1695 Astius
1120 1669 1155 1696 et
1181 1664 1439 1696 Schneide—

799 1721 871 1742 rus
899 1720 973 1741 cum
1003 1710 1098 1741 libris
1123 1709 1330 1750 quibusdam
1355 1711 1437 1742 scri-

800 1760 943 1797 pserunt
1001 1753 1183 1796 μεταβοῐλῃ.
1223 1765 1230 1770 ‘
1264 1756 1440 1788 Corna-

798 1803 887 1834 rins
939 1811 1043 1841 aegre
1068 1812 1071 1813 ⁷
1094 1803 1173 1833 tulit
1220 1800 1441 1842 διαφέροντα,

798 1848 891 1889 quod
918 1848 1022 1879 iussit
1054 1847 1086 1879 in
1122 1846 1334 1890 διαφέροντα
1365 1858 1441 1880 mu-

798 1895 876 1925 tari.
927 1893 1087 1934 Denique
1114 1904 1175 1935 pro
1201 1893 1442 1936 μεθιδρύσασα

799 1938 1127 1980 Stephanus,
1175 1940 1439 1982 VigeruS‚

802 1986 955 2018 Astius
988 1994 1029 2016 ex
1057 1984 1209 2018 Eusebio
1237 1986 1304 2027 legi
1331 1987 1439 2018 malu-

801 2034 900 2064 erunt
931 2028 1182 2074 μεθιδρύσαιο.
1237 2032 1361 2064 Verum
1388 2030 1439 2063 his

800 2077 1007 2109 commentis
1050 2077 1208 2109 omnibus
1238 2078 1342 2110 facile
1381 2087 1438 2110 ca-

799 2123 968 2161 rebinxus,
1001 2122 1056 2154 ubi
1088 2133 1176 2163 quae
1217 2123 1250 2155 in
1298 2123 1439 2165 optimis

799 2170 894 2201 libris
934 2169 1124 2210 perscripta
1158 2173 1295 2210 extant,
1330 2169 1438 2201 subti-

796 2216 862 2247 lius
895 2215 1010 2267 paullo
1042 2215 1215 2257 explicata
1247 2215 1374 2247 suerint
1405 2219 1441 2247 et

799 2272 860 2302 pro
888 2259 1075 2302 γενομένην
1107 2259 1250 2301 ισχιράν
1281 2260 1438 2292 nomina-

800 2308 888 2338 tium
915 2306 1080 2348 γενομένη
1111 2306 1232 2347 ἰσχυρά
1258 2306 1361 2339 fuerit
1386 2316 1437 2338 re-

799 2353 952 2384 stitutus.
1017 2352 1103 2384 Narn
1151 2353 1250 2393 μείζω
1298 2350 1436 2393 quidem

798 2398 888 2431 istud
929 2408 1047 2430 rursus
1088 2409 1149 2440 pro
1187 2398 1350 2431 adverbio
1384 2401 1440 2430 est

797 2443 1047 2498 accipiendum.
1118 2444 1270 2476 Genitivi
1319 2446 1437 2475 autem

798 2491 918 2522 κακίας
956 2487 976 2531 ἢ
1015 2485 1138 2531 ἀρετῆς
1187 2500 1228 2522 ex
1267 2486 1437 2530 μεταλάβῃ

798 2536 960 2578 pendent.
978 2546 1044 2575 quu
1038 2535 1070 2566 »d
1088 2537 1180 2568 nullo
1199 2540 1302 2576 pacto
1321 2536 1440 2567 debuit

797 2584 830 2614 in
869 2579 1039 2624 μεταβάλῃ
1078 2583 1219 2621 unitari,
1256 2586 1294 2613 ut
1328 2591 1438 2624 nuper

799 2629 904 2660 etiam
930 2627 1140 2659 Turicenses
1155 2628 1323 2660 fecerunt.
1350 2627 1438 2658 Por-

800 2684 838 2706 ro
878 2673 1089 2716 πρδςμίξασα
1127 2672 1374 2706 accedendi
1405 2683 1436 2706 v.

801 2725 833 2753 et
871 2724 1044 2761 potestate
1085 2719 1348 2763 accipiendum,
1381 2719 1438 2751 die
