1781 2971
193 1114 303 1172 Cap.
343 1113 375 1158 I.
447 1095 599 1158 Μετὰ
650 1115 693 1157 δὲ
732 1116 813 1165 τὰς
858 1118 1003 1164 αἰκίας
1048 1115 1144 1169 περὶ
1190 1114 1360 1166 παντὸς
1396 1119 1441 1158 ἓν
1472 1125 1555 1171 884

88 1181 286 1235 εἰρήσθω
324 1181 492 1226 τοιόνδε
531 1199 570 1225 τι.
606 1184 796 1237 νόμιμον
833 1183 992 1236 βιαίων
1027 1186 1147 1236 πέρι·
1183 1184 1270 1224 τῶν
1306 1182 1439 1225 ἀλλο-

89 1254 219 1301 τρίων
260 1252 425 1304 μηδένα
473 1252 608 1304 μηδὲν
654 1253 802 1307 φέρειν
848 1251 956 1304 μηδὲ
1005 1245 1157 1307 ᾄγειν,
1212 1248 1318 1304 μηδ’
1382 1243 1439 1292 αὗ

84 1319 291 1370 χρῆσθαι
337 1319 490 1370 μηδενὶ
538 1319 622 1358 τῶν
669 1318 748 1359 τοῦ
786 1318 941 1366 πέλας,
987 1312 1066 1358 ἐὰν
1101 1313 1162 1371 μὴ
1199 1320 1323 1377 πείσῃ
1362 1315 1441 1359 τὸν

87 1391 364 1438 κεκτημένον.
411 1388 455 1426 ἐκ
503 1383 590 1441 γάρ
635 1383 687 1435 δὴ
735 1385 814 1426 τοῦ
862 1382 1072 1426 τοιούτου
1119 1380 1268 1425 πάντα
1306 1384 1439 1438 ἠρτη-

86 1456 194 1503 μένα
232 1450 287 1493 τά
328 1468 372 1495 τε
407 1455 609 1507 εἰρημένα
646 1448 759 1493 κακὰ
797 1454 948 1505 γέγονε
982 1452 1055 1493 καὶ
1088 1452 1176 1492 ἔστι
1197 1453 1270 1493 καὶ
1295 1454 1438 1493 ἔσται·

182 1582 220 1612 P.
249 1580 329 1615 884.
379 1578 556 1611 τοιόνδε
583 1593 624 1612 τι
649 1579 766 1622 wopa]
792 1593 826 1611 τι
851 1590 919 1612 om.
949 1580 1024 1612 vat.
1053 1589 1079 1611 r.

177 1625 227 1658 τά
254 1638 296 1658 τε
322 1625 552 1669 εἰρημένη]
583 1638 618 1657 τε
646 1637 714 1657 om.
739 1625 801 1656 ἀπ’
830 1624 1016 1670 ὄρθώσεως
1043 1625 1121 1657 Vat.
1154 1624 1193 1658 Ω.
1222 1631 1258 1658 et
1288 1626 1379 1660 Flor.
1406 1639 1436 1659 a.

88 1673 271 1705 Eiecerunt
295 1673 450 1705 voculam
479 1672 581 1704 etiam
610 1672 834 1704 Turicenses.
883 1671 953 1703 Sed
981 1671 1059 1704 vide
1085 1673 1265 1713 explicati.

132 1785 219 1826 Cap.
245 1785 275 1817 I.
317 1784 358 1817 P.
386 1784 465 1820 884.
507 1785 601 1827 περὶ
627 1797 724 1817 παν-

86 1831 160 1869 τὸς
191 1831 232 1864 ἓν
266 1829 466 1875 εἰρήσθω
497 1849 539 1855 -
575 1832 726 1871 βιαίων

85 1877 201 1919 πέρι]
236 1877 281 1910 H.
316 1889 346 1909 e.
382 1877 434 1909 de
468 1877 726 1909 criminibus

88 1924 341 1956 violentiae.
386 1924 437 1955 De
482 1924 620 1955 actione
660 1926 725 1953 τῶν

83 1971 204 2011 βιαίων
239 1970 271 2002 in
309 1969 489 2010 republica
521 1967 726 2001 Atheniensi

86 2020 225 2057 praeter
253 2015 358 2048 Petit.
386 2015 495 2056 Legg.
523 2018 594 2046 Att.
612 2024 644 2055 p.
660 2014 726 2049 635

86 2072 162 2103 sqq.
199 2061 287 2093 conf.
331 2060 479 2093 Meier.
522 2065 557 2093 et
593 2060 725 2093 Schei—

86 2117 224 2140 mann.
260 2106 329 2139 Lit.
359 2107 465 2139 Attic.
498 2117 531 2149 p.
555 2105 625 2141 544
649 2117 722 2148 sqq.

86 2157 121 2186 et
159 2152 383 2195 Lelyveld.
424 2152 479 2184 De
518 2153 657 2185 iufamia
690 2163 723 2194 p.

84 2199 153 2234 2¹5
170 2209 243 2241 sqq.
289 2198 356 2231 Ubi
382 2202 417 2232 et
441 2198 579 2240 quando
609 2209 648 2231 ea
673 2199 724 2231 lo-

86 2255 161 2278 cum
213 2244 385 2282 habuerit,
434 2244 487 2277 vel
528 2255 570 2277 ex
611 2244 726 2277 verbis

86 2290 375 2332 consequentibus
406 2294 522 2332 patet:
564 2293 630 2322 τῶν
663 2289 726 2322 α’).-

86 2336 230 2379 λοτρίων
272 2335 402 2377 μηδένα
455 2336 563 2378 μηδὲν
613 2337 727 2378 φέρειν

85 2395 115 2416 κ.
149 2395 179 2414 τ.
214 2381 244 2414 λ.
283 2381 316 2414 ln
359 2381 485 2422 quibus
524 2383 639 2424 φέρειν
669 2380 727 2413 καὶ

84 2429 179 2471 ἄγειν
210 2431 281 2461 est:
320 2427 496 2460 auferre
531 2433 572 2460 et
596 2428 722 2461 abdu-

86 2484 198 2507 cere.
257 2472 441 2505 Enimvero
481 2474 511 2506 in
552 2473 614 2506 hac
655 2473 723 2506 for-

87 2520 176 2552 mula
196 2521 310 2563 φέρειν
326 2518 368 2551 ad
386 2518 517 2562 fruges,
546 2520 722 2561 pecunias,

85 2566 169 2597 alias
218 2575 295 2605 tes,
351 2574 441 2606 quae
491 2569 723 2607 asportantur,

85 2610 181 2652 a'ym
215 2615 329 2644 autem
367 2609 410 2642 ad
437 2610 611 2653 pecudum
638 2611 722 2645 alia-

87 2665 230 2698 rumque,
285 2656 507 2691 animantium
562 2657 724 2700 praedam

793 1783 1014 1817 referendum
1075 1787 1139 1815 est.
1217 1782 1436 1825 Quamquam

795 1831 943 1863 formula
978 1830 1118 1862 omnino
1156 1830 1250 1862 valet
1287 1829 1437 1870 denique

794 1876 837 1908 ad
869 1875 1117 1916 designandam
1151 1875 1241 1915 vim,
1272 1885 1360 1916 quae
1397 1876 1437 1907 iis

795 1921 899 1954 rebus
924 1921 1088 1961 infertur,
1120 1931 1209 1962 quae
1245 1924 1324 1953 sunt
1350 1922 1436 1953 alte-

793 1969 864 2001 rius
892 1967 1065 2009 propriae.

839 2013 993 2056 μηδενὶ
1035 2016 1113 2045 τῶν
1151 2014 1233 2044 τοῦ
1282 2012 1434 2053 πέλας]

795 2059 841 2092 Η.
885 2071 915 2093 ε.
952 2059 1061 2092 nihil
1104 2068 1274 2098 eorum,
1320 2068 1436 2099 quae

793 2105 927 2138 alteri
954 2105 1131 2147 propria
1159 2104 1255 2137 sint.
1284 2103 1334 2135 De
1360 2114 1436 2137 voc.

793 2149 811 2183 o‘
838 2153 941 2189 πέλας
969 2156 1003 2184 et
1027 2152 1059 2182 οἱ
1086 2151 1191 2187 πέλας
1217 2149 1366 2182 diximus
1392 2150 1437 2182 ad

793 2197 927 2230 Phileb.
953 2208 987 2239 p.
1011 2196 1069 2231 48.
1095 2196 1134 2229 B.
1344 2192 1353 2200 ⁶

841 2242 983 2275 πάντα
1025 2242 1242 2285 ἠρτημένα
1292 2239 1343 2272 τοί
1392 2251 1435 2272 τε

795 2289 998 2333 εἰρημένα
1046 2289 1113 2328 —-]
1171 2287 1337 2319 Voculam
1399 2297 1435 2318 τε

797 2335 953 2368 Astius
978 2334 1168 2367 mutavitin
1196 2345 1246 2376 γε,
1273 2342 1337 2365 nos
1354 2332 1434 2365 olim

796 2381 892 2413 uncis
929 2381 1157 2419 seclusimus,
1195 2378 1290 2421 quod
1326 2388 1436 2418 nuper

791 2427 874 2460 fecit
900 2427 1003 2459 etiam
1034 2426 1328 2464 Hermannus,
1363 2424 1435 2456 Tu-

792 2474 947 2506 ricenses
973 2472 1161 2504 eiecerunt.
1195 2470 1267 2504 Sed
1293 2475 1435 2513 postea-

792 2529 895 2561 quam
922 2519 1071 2550 vidimus
1098 2528 1173 2551 eam
1193 2518 1223 2550 in
1242 2518 1343 2550 unius
1360 2520 1435 2548 tan-

793 2570 864 2598 tum
889 2564 1082 2598 alteriusve
1115 2563 1247 2596 codicis
1282 2563 1437 2604 margine

793 2613 1012 2644 correctione
1026 2611 1222 2643 criticorum
1237 2620 1316 2642 esse
1331 2609 1437 2641 omis-

796 2668 888 2698 sam,
930 2660 1046 2690 mente
1084 2660 1216 2690 mutata
1254 2655 1434 2698 coepimus
