1781 2971
318 172 399 212 368
802 168 1180 212 PLATONIS

317 303 476 346 φαμεν,
510 283 773 340 ἀνθρώπων
808 285 858 329 το
895 284 1113 340 παράπαν
1147 286 1227 341 οὐχ
1263 283 1480 338 ἡγοῦνται
1517 284 1668 337 θεούς,

317 358 358 396 οἱ
393 355 438 396 δὲ
477 350 528 395 οὐ
567 353 816 409 φροντίζειν
852 351 976 406 ἡμῶν
1023 352 1192 403 αὐτοὺς
1233 356 1540 404 διανοοῦνται,
1577 355 1666 396 τῶν

315 424 359 463 δὲ
395 419 450 471 δὴ
485 421 697 461 πλείστων
732 419 823 461 ἐστὶ
849 423 922 461 καὶ
960 423 1175 461 κακίστων
1211 418 1237 471 ἡ
1267 418 1390 474 δόξα,
1425 418 1483 469 ὡς
1506 419 1664 475 σμικρὰ

314 487 539 541 δεχόμενοι
588 484 776 539 θύματα
825 487 897 527 καὶ
951 488 1154 535 θωπείας
1197 484 1338 529 πολλοὶ
1397 501 1664 530 συναποστε-

313 556 441 608 ροῦσι
483 551 689 608 χρήματα
734 555 807 594 καὶ
853 550 1058 607 μεγάλων
1101 554 1219 610 σφᾶς
1264 551 1492 595 ἐκλύονται
1550 552 1664 595 κατὰ

316 621 458 663 πολλα
497 620 673 673 ζημιῶν,
711 617 853 662 οὐκέτι
889 617 941 670 δὴ
976 626 1070 668 τοῖς
1100 621 1180 660 νῦν
1216 618 1485 672 ἀνθρώποις
1520 617 1665 670 ἡ“Ρα-

316 686 586 741 δαμάνθυος
621 682 680 726 ἂν
716 686 781 737 εἴη
817 690 944 740 τέχνη
979 692 1204 739 πρέπουσα
1240 690 1287 728 ὲν
1336 688 1490 735 δίκαις.
1533 703 1666 741 μετα-

313 755 582 808 βεβληκυιῶν
617 745 698 794 οὖν
736 753 822 793 τῶν
867 754 962 806 περὶ
1011 751 1152 801 θεοὺς
1196 752 1335 804 δοξῶν
1367 757 1413 795 ὲν
1458 761 1550 802 τοῖς
1585 751 1666 794 ἁν-

315 819 522 874 θρώποις
564 818 857 873 μεταβάλλειν
898 817 983 873 χρὴ
1021 821 1093 861 καὶ
1131 819 1234 868 τοὺς
1276 817 1460 874 νόμους·
1498 825 1544 861 ἐν
1578 818 1665 874 γὰρ

315 887 456 938 λήξεσι
494 888 625 928 δικῶν
662 883 767 934 τοὺς
799 885 909 939 μετα
947 886 1026 927 νοῦ
1066 888 1328 939 τιθεμένους
1363 885 1526 941 νόμους
1553 885 1665 937 ἐξαι-

316 962 406 1008 ρεῖν
437 950 522 1008 χρὴ
559 949 662 1001 τοὺς
712 949 871 1007 ὅρκους
911 953 997 993 τῶν
1042 951 1390 994 ἀντιδικούντων
1439 956 1664 1007 ἑκατέρων,

315 1022 386 1062 καὶ
426 1019 504 1062 τὸν
552 1017 836 1074 λαγχάνοντά
885 1017 946 1072 τῴ
993 1035 1092 1060 τινα
1140 1021 1262 1068 δίκην
1301 1018 1354 1060 τά
1390 1021 1470 1074 μὲν
1517 1018 1665 1073 ἐγκλή-

312 1160 425 1192 nuper
455 1153 654 1181 servarunt.
709 1147 914 1180 Proximum
953 1148 1031 1187 μὲν,
1065 1149 1169 1189 vulgo
1195 1150 1382 1189 omissum,
1414 1149 1666 1182 redhibuerunt

312 1199 359 1228 A.
389 1192 428 1226 Ω.
455 1206 486 1227 a
511 1206 538 1226 c.
565 1205 599 1226 x.
625 1195 660 1226 in
688 1204 797 1235 marg.
848 1195 955 1226 iidem
981 1196 1054 1227 fere
1080 1196 1241 1236 primitus
1268 1206 1296 1226 τι
1322 1193 1382 1234 μὲν
1408 1206 1445 1236 φ.

405 1252 455 1272 αι
463 1238 650 1294 θρωπωι
685 1237 728 1271 τὸ
763 1237 986 1294 παράπαν]
1023 1240 1083 1273 Sic
1108 1246 1196 1273 teste
1220 1241 1385 1274 Bekkero
1411 1243 1456 1275 A.
1482 1244 1517 1272 et
1542 1251 1594 1282 pr.
1625 1238 1663 1275 Ω

312 1297 375 1329 pro
402 1288 496 1328 vulg.
524 1282 726 1326 ἀνθρώπων
753 1286 790 1317 οἲ
807 1283 845 1316 τὸ
872 1296 951 1328 παρ

404 1344 485 1364 των
517 1331 559 1364 δὲ
592 1331 640 1373 δὴ
675 1332 909 1374 πλειστων]
943 1329 984 1373 δὴ
1021 1342 1064 1363 ex
1100 1329 1138 1363 Ω.
1166 1332 1204 1366 Ξ.
1241 1343 1272 1365 v.
1299 1332 1324 1364 f.
1349 1342 1377 1366 r.
1402 1343 1432 1366 a.
1460 1343 1488 1364 c.
1515 1330 1543 1364 δ.
1571 1342 1601 1364 ο.
1628 1341 1663 1363 x.

311 1380 455 1412 inserui.
515 1379 671 1411 Eandem
713 1389 834 1411 vocem
867 1378 990 1410 Bastio
1041 1379 1179 1419 quidem
1216 1382 1305 1410 teste
1346 1379 1450 1411 etiam
1498 1378 1579 1413 Par.
1621 1378 1664 1409 A.

312 1426 485 1467 agnoscit,
510 1426 554 1456 de
579 1435 647 1466 quo
675 1429 766 1456 tacet
791 1424 985 1456 Bekkerus.

407 1471 479 1502 καὶ
503 1470 705 1502 θωπείας
740 1468 893 1512 πολλὰ]
949 1471 1038 1502 Post
1061 1468 1219 1500 θωπείας
1245 1469 1339 1511 quod
1365 1470 1469 1510 vulgo
1494 1470 1665 1501 insertum

311 1518 495 1558 legebatur
522 1515 663 1558 πολλάς,
688 1517 725 1548 id
748 1521 939 1558 praeeunte
964 1516 1127 1548 Bekkero
1153 1515 1343 1548 abiecimus
1370 1526 1445 1547 cum
1471 1526 1523 1556 pr.
1549 1517 1594 1547 A.
1625 1512 1665 1550 Ω,

313 1574 356 1596 ex
381 1564 508 1605 quibus
535 1568 650 1595 tamen
676 1563 767 1594 hanc
793 1564 998 1595 varietatem
1023 1563 1219 1602 scripturae
1242 1572 1314 1593 non
1334 1562 1492 1593 enotavit
1509 1561 1664 1594 Bastiae.

405 1610 527 1650 τέχνη
565 1608 815 1651 πρέπουσα]
866 1609 985 1649 Vulgo
1028 1609 1152 1640 ordine
1185 1608 1326 1640 inverso
1352 1608 1532 1649 πρέπουσα
1559 1608 1664 1647 τέχνη.

312 1661 351 1687 ut
377 1656 467 1687 Ven.
496 1655 534 1689 Ξ.

313 1748 422 1784 πων]
450 1746 495 1778 Η.
526 1755 554 1776 e.
582 1745 699 1784 οἱμὲν
723 1745 789 1776 τῶν
815 1742 953 1786 ἀνθρώ·

314 1803 398 1823 πων.
453 1791 558 1823 Unde
594 1803 705 1833 ηγοω
710 1803 759 1823 ται
792 1791 953 1822 infertur.

312 1855 356 1862 -—
384 1847 531 1878 φαμεν,
557 1838 580 1868 i.
609 1849 640 1879 q.
669 1834 716 1869 ὥς
747 1838 867 1878 φαμέν.
899 1837 954 1868 De

312 1894 350 1915 re
388 1885 466 1925 ipsa
505 1884 595 1915 libro
631 1884 765 1916 decimo
805 1888 858 1921 est
895 1893 953 1914 ex-

311 1930 491 1971 plicatum.
828 1947 832 1950 -

359 1972 412 2006 ώς
438 1972 596 2016 σμικρὰ
620 1971 850 2015 δεχόμενοι
877 1972 952 2006 θύ-

314 2021 493 2064 ματα-]
521 2032 595 2053 eos
622 2020 773 2062 parvis
806 2031 955 2061 aecep-

314 2069 374 2099 tis
415 2067 670 2099 sacrificiis
708 2071 749 2098 et
788 2067 954 2099 blandi-

312 2115 470 2145 mentis
508 2114 551 2144 in
586 2111 756 2154 magnis
790 2111 952 2144 multis-

312 2169 387 2201 que
428 2157 577 2202 opibus
615 2157 850 2199 eripiendis
894 2159 953 2189 iu-

312 2214 426 2236 vare.
494 2204 551 2235 Ex
599 2204 772 2244 oppositis
821 2204 951 2235 clarum

311 2261 389 2283 esse
418 2251 650 2289 arbitramur,
693 2259 800 2290 prave
845 2250 951 2290 vulgo

310 2302 391 2338 post
415 2297 571 2328 θωπείας
596 2301 629 2327 et
655 2293 761 2326 πολλὰ
776 2296 951 2336 interponi

309 2341 445 2374 πολλοῖς.
496 2342 671 2375 Nimirum
697 2339 830 2382 σμικρὰ,
858 2341 952 2382 quod

308 2389 504 2431 antecedit,
559 2389 664 2421 etiam
707 2388 750 2420 ad
795 2387 953 2418 θωπείας

307 2436 575 2476 intelligendum
593 2439 658 2466 est.
682 2434 770 2466 Mox
787 2431 951 2474 μεταβάλ-

308 2481 376 2512 λειν
401 2492 522 2513 rursus
549 2481 702 2522 positum
729 2485 782 2512 est
800 2481 952 2512 intrans—

307 2527 404 2566 itive,
430 2532 469 2558 ut
492 2528 699 2560 sexcenties.

353 2573 393 2604 D.
428 2571 533 2605 τοὺς
560 2570 715 2614 ὅρκους
740 2571 818 2602 τῶν
844 2567 951 2602 ἀντὶ·

305 2616 576 2661 δικούντων]
627 2618 860 2659 cogitandum
882 2626 952 2649 ma-

304 2665 399 2696 xime
425 2669 478 2696 est
508 2665 550 2697 de
571 2663 740 2706 διωμοσίᾳ
758 2664 952 2696 Athenien-

304 2710 405 2749 sium,
432 2710 476 2742 de
500 2721 569 2752 qna
594 2721 626 2741 v.
652 2710 873 2742 Matthiae
898 2708 953 2740 De

305 2756 449 2788 iudiciis
476 2756 604 2788 Athen.
637 2756 836 2789 Misce-Han.
867 2754 950 2795 phil.

1025 1745 1103 1776 Vol.
1139 1744 1162 1776 Ι.
1196 1755 1229 1785 p.
1264 1744 1342 1778 162.
1375 1753 1426 1785 sq.
1459 1749 1494 1775 et·
1524 1755 1556 1786 p.
1583 1743 1663 1778 258.

1023 1800 1104 1822 ann.
1149 1789 1207 1823 41.
1256 1790 1560 1822 Hudtwalker.
1609 1790 1664 1822 De

1022 1837 1184 1868 diaetetis
1195 1835 1327 1868 Athen.
1337 1847 1370 1877 p.
1381 1836 1434 1870 75.
1447 1846 1499 1877 sq.
1509 1835 1533 1868 S
1543 1835 1619 1868 cho
1630 1846 1664 1868 e-

1022 1892 1156 1914 mann.
1212 1882 1374 1913 Process.
1409 1885 1485 1913 Att.
1519 1893 1552 1923 p.
1581 1881 1662 1916 624.

1022 1939 1077 1969 sq.
1105 1929 1333 1960 Hermann.
1356 1928 1585 1968 Antiquitatt.
1601 1926 1662 1961 Gr.

1023 1974 1041 2015 ξ
1089 1974 1166 2008 141,
1205 1975 1250 2005 al.
1283 1974 1385 2005 Hanc
1424 1983 1508 2005 vero
1550 1974 1664 2016 philo-

1023 2021 1154 2061 sophus
1168 2025 1312 2061 propter
1325 2020 1559 2061 periuriorum
1576 2021 1664 2052 mul-

1022 2067 1208 2098 titudinem
1235 2071 1269 2097 et
1292 2066 1525 2107 frequentiam
1562 2067 1662 2107 peni—

1021 2117 1077 2144 tus
1104 2113 1178 2143 vult
1201 2117 1370 2144 remotam
1404 2121 1444 2144 ae
1476 2112 1660 2144 sublatam.

1090 2158 1132 2189 E.
1165 2155 1266 2192 τοὺς
1296 2154 1470 2196 ιῖμίσειε
1499 2153 1662 2199 αὐτῶν]

1022 2199 1137 2235 αὐτῶν
1167 2214 1228 2243 per
1263 2204 1405 2243 synesin
1439 2203 1662 2235 referendum

1020 2249 1065 2280 ad
1089 2248 1125 2280 ἑν
1151 2247 1256 2285 πόλει,
1281 2250 1494 2289 poniturque
1517 2250 1662 2290 perinde

1021 2303 1062 2326 ac
1088 2296 1116 2326 si
1136 2294 1172 2326 ol
1185 2296 1314 2325 πολῖται
1332 2295 1514 2326 memorati
1532 2300 1661 2327 essent.

1020 2350 1051 2370 v.
1083 2341 1138 2373 VI.
1165 2351 1198 2382 p.
1228 2340 1306 2375 780.
1335 2342 1378 2372 A.
1402 2339 1481 2374 829.
1508 2341 1549 2372 Β.
1576 2340 1660 2373 ΧΗ.

1020 2385 1099 2420 945.
1127 2387 1168 2420 Ε
1193 2387 1273 2420 950.
1299 2387 1344 2418 A.
1358 2386 1436 2421 952.
1463 2386 1504 2420 B.
1531 2392 1566 2420 et
1579 2396 1660 2420 ann.

1019 2432 1066 2464 ad
1093 2432 1233 2466 Menex.
1263 2444 1295 2474 p.
1321 2431 1399 2466 242.
1431 2433 1478 2464 A.

1066 2476 1112 2509 ἐν
1159 2478 1411 2518 ξυσσιτιόιε
1458 2488 1496 2509 τε
1542 2473 1659 2518 ἀλλή

1020 2524 1182 2568 locs—J
1207 2525 1268 2557 ita
1289 2530 1332 2555 ut
1357 2524 1659 2556 nihilominus

1022 2569 1154 2602 facile
1180 2572 1298 2603 inter
1323 2571 1446 2611 ipsos
1479 2578 1660 2601 conver·

1021 2622 1178 2648 sentur
1213 2627 1337 2659 quum
1363 2617 1404 2648 in
1431 2615 1658 2648 conviviis

1020 2667 1104 2695 tum
1143 2664 1185 2695 in
1224 2663 1326 2695 aliis
1362 2660 1658 2694 conventibus

1021 2713 1153 2751 atque
1183 2708 1378 2750 priva-tis
1403 2707 1531 2740 etiam
1557 2715 1658 2748 quo·

1022 2765 1202 2796 rumque
1229 2754 1426 2787 circulis.
