1781 2971
150 150 232 192 DE
268 148 540 192 LEGIBUS
576 147 692 189 LIB.
730 146 838 189 XII.
876 147 923 188 Ρ.
955 147 1048 189 947.
1087 148 1180 190 948.
1216 146 1278 189 St.
1341 147 1422 189 365

71 264 200 309 πικόν
232 282 275 309 τε
299 264 510 318 θήσουσι.
546 264 599 306 τοὶ
638 267 718 319 μὲν
757 263 810 316 δὴ
848 268 950 319 γέρα
989 266 1179 308 τοιαῦτα
1216 271 1308 312 τοῖς
1342 262 1424 313 τὰς

71 332 273 383 εὐθύνας
320 334 639 391 διαφυγοῦσιν·
684 330 742 374 ἂν
792 335 834 373 δέ
882 348 947 381 τις
994 331 1163 374 τούτων
1208 330 1422 373 πιστεύων

72 401 130 453 τῷ
169 403 405 455 κεκρίσθαι
442 397 523 450 τὴν
558 397 857 453 ἀνθρωπίνην
895 399 1032 457 φύσιν
1068 398 1253 457 ἐπιδείξῃ
1289 396 1423 447 κακὸς

71 466 304 522 γενόμενος
347 465 534 521 ὕστερον
571 468 649 516 τῆς
684 469 880 522 κρίσεως,
926 465 1189 524 γράφεσθαι
1230 467 1310 519 μὲν
1346 463 1424 507 τὸν

71 533 345 588 βουλόμενον
382 531 523 576 αὐτὸν
560 530 583 575 ὁ
621 531 758 587 νόμος
794 538 1123 588 προςταττετω,
1160 530 1183 574 ὁ
1221 531 1258 573 δ’
1303 530 1424 584 ἀγών

72 606 118 642 ἐν
155 603 418 655 δικαστηρίῳ
455 602 674 653 γιγνέσθω
711 601 864 654 τοιῷδε
911 616 998 640 τινι
1044 597 1208 652 τρόπῳ.
1246 600 1424 652 πρῶτον

71 672 151 721 μὲν
198 667 506 724 νομοφύλακες
553 670 746 708 ἔστωσαν
794 664 960 708 τούτου
1010 667 1092 708 τοῦ
1130 666 1424 719 δικαστηρίου,

72 738 221 775 ἔπειτα
258 734 409 776 αὐτῶν
441 732 610 775 τούτων
647 737 687 776 οἱ
726 734 894 783 ζῶντες,
931 728 1042 785 πρὸς
1078 733 1122 774 δὲ
1160 729 1336 781 τούτοις
1372 731 1421 774 τὸ

73 802 161 842 τῶν
201 801 410 842 ἐκλεκτῶν
459 799 768 853 δικαστήριον·
815 800 1061 855 γραφέσθω
1109 799 1152 840 δὲ
1196 796 1218 840 ὁ
1253 797 1424 855 γραφό-

73 883 226 921 μενος,
265 865 318 909 ὃν
355 864 413 908 ἂν
445 864 693 923 γράφηται,
730 867 943 918 λέγουσαν
978 863 1061 917 τὴν
1099 862 1278 924 γραφὴν
1313 864 1424 907 ἀνά-

168 1033 217 1070 οὗ
245 1038 292 1080 δὴ
321 1039 393 1072 rav
417 1038 658 1083 μακάριον]
684 1040 746 1082 δὴ,
774 1040 866 1082 quod
894 1041 999 1082 vulgo
1025 1040 1160 1080 aberat,
1187 1049 1229 1071 ex
1259 1041 1296 1071 A.
1329 1037 1366 1070 Ω.
1396 1050 1426 1072 v.

75 1086 97 1118 f.
123 1095 149 1116 r.
176 1096 207 1116 a.
235 1085 264 1117 δ.
289 1098 320 1117 ο.
348 1087 573 1119 restituimus.

169 1131 206 1162 E.
254 1131 416 1172 χρόνον
441 1131 643 1172 ἀνεπιδεῆ
667 1131 723 1173 χ.]
751 1131 874 1172 ἐπιδεῆ
898 1142 923 1163 r.
952 1136 987 1163 et
1013 1142 1061 1173 pr.
1091 1132 1134 1163 A.
1164 1128 1202 1162 Ω.
1253 1130 1289 1163 In
1316 1131 1426 1162 Voss.

76 1187 108 1209 x.
135 1175 176 1207 ἄν
201 1177 319 1217 ἐπιδεῆ
351 1179 530 1220 scriptum.
580 1178 666 1210 Inde
697 1182 797 1211 acute.
828 1177 1017 1210 Hermann.
1052 1179 1205 1210 correxit
1231 1175 1272 1208 ἂν
1297 1177 1425 1221 ἐπιδέῃ.

77 1224 269 1256 Praeterea
297 1224 397 1256 Voss.
424 1223 705 1268 περιφυτεύουσι.

78 1360 160 1392 tuit:
187 1361 331 1400 ἔχουσαν
349 1361 505 1403 κεδρίνας
530 1361 586 1392 καὶ
611 1373 719 1393 κυπα-

76 1407 227 1449 ρισσίνας
254 1404 423 1448 λάρνακας
446 1412 611 1449 κειμένας,
640 1408 718 1439 coli.

77 1463 110 1493 p.
137 1451 215 1486 741.
241 1452 282 1484 C.
311 1456 346 1484 et
371 1451 514 1494 Thucy
527 1453 559 1484 d.
587 1454 635 1484 ΙΙ.
662 1452 717 1486 34.

75 1498 225 1539 Eurip,
259 1499 389 1530 Alcest.
423 1498 501 1533 365.
536 1499 654 1531 Orest.
687 1509 717 1530 v.

78 1543 181 1578 1053.
208 1543 339 1575 Troad.
369 1555 399 1575 v.
427 1545 530 1579 1141.
582 1545 717 1578 Quibus

77 1591 163 1622 locis
191 1590 350 1621 omnibus
380 1595 494 1623 tamen
518 1591 718 1631 neutiquam

78 1635 110 1667 id
154 1635 318 1673 efficitur,
361 1641 399 1668 ut
437 1638 576 1678 vulgata
618 1637 719 1669 lectio

79 1681 241 1714 mutanda
300 1682 355 1713 sit.
428 1683 577 1715 Accedit
625 1681 717 1724 quod

79 1728 276 1759 coniectura
303 1728 366 1759 ista
387 1728 535 1761 immane
550 1733 718 1770 quantum

79 1783 96 1804 a
124 1773 287 1805 librorum
314 1774 482 1816 scriptura
510 1775 654 1813 recedit,
683 1779 721 1806 ut

80 1820 133 1851 rel
160 1829 222 1864 ger
246 1829 284 1851 se
310 1829 376 1852 non
403 1822 449 1852 sit
475 1820 681 1853 verisimilis,

127 1868 180 1896 ου’
217 1863 268 1905 δὴ
303 1864 383 1896 τὸν
414 1865 635 1908 μακάριον
659 1877 720 1907 γε·

79 1909 262 1953 γονότα]
289 1911 380 1949 ubi,
414 1912 544 1944 beato
573 1911 719 1944 condi-

82 1963 124 1989 to
175 1960 216 1988 et
265 1957 557 1989 circumcirca
599 1962 719 1989 terra

82 2006 270 2044 aggesta
296 2002 492 2043 undique
518 2003 718 2035 arborum

81 2059 101 2081 n
119 2058 138 2079 e
158 2057 189 2079 m
209 2057 264 2078 us
313 2049 575 2089 plantabunt
623 2058 642 2079 u
662 2058 680 2079 n
699 2057 720 2079 o

82 2103 183 2127 mem
198 2093 270 2124 bro
297 2093 378 2136 (una
394 2096 506 2135 parte)
523 2098 720 2135 excepto,

81 2149 165 2181 quo
192 2141 428 2179 sepultura
451 2140 609 2172 habeat
631 2148 720 2181 per-

82 2185 351 2227 petuitatem
384 2196 474 2218 eam
508 2185 719 2228 (proferri

81 2232 293 2264 continuo
345 2231 496 2265 ordine
545 2230 718 2273 queat),

81 2277 265 2318 quaein
295 2286 416 2309 omne
441 2282 611 2319 tempus
637 2286 720 2308 non

82 2321 290 2362 indigeat
315 2327 467 2355 terrae
496 2323 719 2365 aggestio-

82 2378 142 2400 ne.
197 2368 275 2399 Vult
300 2367 402 2408 igitur
421 2378 518 2401 arcas
543 2370 721 2410 sepulcra·

82 2415 152 2453 les,
186 2413 279 2445 facto
320 2414 544 2446 circumcirca
587 2415 722 2447 tumulo

82 2459 138 2491 vel
169 2468 319 2500 aggere,
358 2459 447 2499 cingi
479 2460 628 2500 undique
662 2470 720 2492 ne-

83 2515 201 2545 more,
228 2506 274 2537 ita
300 2509 434 2544 tamen,
462 2509 500 2537 ut
525 2505 607 2538 illud
634 2506 724 2538 latus

83 2553 306 2592 sepulturae,
342 2550 374 2581 in
413 2560 482 2591 quo
514 2552 624 2583 series
664 2561 721 2583 ea-

83 2607 156 2629 rum
184 2595 415 2628 continuanda
443 2597 507 2636 sit,
538 2597 640 2629 nullis
666 2607 718 2628 ar—

83 2642 226 2674 boribus
254 2645 471 2674 conseratur.
522 2642 638 2674 Locus
663 2652 720 2674 sa—

83 2689 127 2720 tis
153 2688 369 2730 perspicuus,
394 2698 499 2728 quem
523 2692 642 2721 tamen
660 2698 724 2721 nec

84 2733 167 2765 Dor
179 2734 334 2767 villius
352 2733 396 2766 ad
415 2732 592 2766 Chariton.
613 2744 646 2776 p.
665 2733 720 2769 75.

786 1371 830 1392 :-
855 1371 886 1403 p.
913 1361 990 1395 245.
1019 1360 1073 1393 ed.
1102 1359 1196 1402 Lips.
1224 1369 1287 1391 nec
1315 1360 1425 1391 Asti-

789 1416 837 1438 118
871 1417 902 1448 p-
933 1407 1012 1442 553.
1047 1416 1111 1439 nec
1139 1407 1426 1445 Hermannus‚

788 1452 843 1493 qui
875 1453 1030 1494 confugit
1061 1452 1103 1483 ad
1137 1452 1319 1484 verborum
1353 1461 1426 1482 mu-

787 1500 968 1537 tationem,
997 1503 1090 1530 recte
1106 1497 1319 1538 interpretati
1335 1501 1425 1528 sunt.

789 1544 862 1576 Pro
909 1542 1041 1584 ταύτην
1092 1543 1244 1574 Astius
1293 1543 1430 1575 refinxit

788 1589 917 1634 ταύτῃ,
949 1592 971 1622 i.
1000 1600 1029 1621 e.
1067 1590 1145 1621 hac
1171 1593 1306 1631 parte.
1354 1588 1428 1621 Nos

788 1638 923 1677 vulgata
954 1636 1103 1668 lectione
1129 1635 1392 1676 acquiescimus.

835 1681 874 1713 E.
933 1680 1078 1722 ἀγῶνα
1110 1683 1347 1722 μουσικῆς]
1384 1680 1427 1710 V.

788 1725 830 1759 ad
859 1727 995 1759 Menex.
1025 1738 1056 1768 p.
1084 1726 1164 1760 249.
1194 1727 1231 1760 B.
1258 1745 1301 1748 —
1335 1729 1428 1762 -ιοῖς

787 1770 867 1810 τὰς
893 1771 1089 1809 εὐθύνας
1115 1773 1430 1814 διαφυγοῦσιν,

788 1819 866 1857 ἰίε,
900 1819 970 1860 qui
1008 1828 1226 1851 censurae
1262 1827 1430 1860 poenas

790 1864 1044 1906 effugerunt
1099 1875 1148 1896 ac
1207 1869 1430 1905 perpetuo

789 1914 1049 1942 manserunt
1087 1909 1259 1941 honesti
1294 1914 1430 1949 atque

790 1955 926 1997 probi.
984 1956 1094 1986 Prave
1128 1954 1431 1987 Schrammius

790 2001 939 2035 Quaest.
975 2001 1064 2032 Plat.
1098 2002 1146 2032 De
1180 2000 1290 2042 Legg.
1333 2000 1428 2031 Part.

788 2047 849 2079 IV.
875 2058 905 2088 p.
935 2045 966 2080 8.
999 2046 1140 2088 corrigit
1174 2044 1228 2076 αἐὶ
1253 2044 1430 2077 εὐθύνου-

790 2105 842 2125 σιν
867 2102 928 2134 pro
955 2092 1198 2134 διαφυγοῦσιν.
1236 2091 1325 2123 conf.
1352 2101 1430 2123 ann.

790 2138 832 2171 ad
861 2149 892 2180 p.
921 2137 999 2172 946.
1029 2137 1067 2169 E.

836 2183 884 2215 ἅν
910 2184 955 2216 δέ
976 2196 1040 2220 τις
1065 2181 1233 2214 τούτων
1258 2181 1430 2215 πιστεύ-

792 2229 858 2272 ων]
886 2230 949 2261 sin
977 2234 1118 2261 autem
1146 2231 1242 2270 quis
1269 2228 1430 2260 iudicio

791 2276 844 2308 de
870 2286 914 2307 se
941 2275 1060 2307 sacto
1092 2275 1334 2307 confidens
1359 2275 1430 2306 hu-

792 2331 951 2354 manam
989 2326 1190 2353 naturam
1230 2321 1266 2360 (i.
1301 2332 1330 2353 e.
1365 2321 1430 2352 hu-

791 2377 913 2400 manae
953 2371 1096 2398 naturae
1138 2365 1430 2408 imbecillitatem)

791 2413 1088 2455 patefecerit,
1140 2413 1232 2444 dum
1276 2413 1432 2453 impro-

792 2461 869 2491 bus
907 2459 1109 2491 evaserit
1146 2463 1243 2500 post
1279 2458 1430 2490 iudici-

791 2515 857 2538 um
885 2509 949 2536 ctr.

838 2549 967 2585 Ρ.948.
990 2549 1139 2580 ἔπειτα
1166 2547 1307 2581 αὐτῶν
1334 2548 1430 2581 τού-

791 2608 870 2628 των
894 2597 933 2628 oz
966 2595 1139 2636 ζῶντες]
1172 2594 1296 2640 exitis
1332 2595 1431 2637 ipsis,

790 2643 823 2674 h.
858 2653 887 2674 e.
922 2652 965 2675 ex
999 2640 1174 2682 euthym,
1207 2641 1269 2683 qui
1297 2642 1430 2680 vivunt,

789 2687 831 2721 ad
858 2687 924 2720 hoc
955 2687 1118 2720 iudicium
1154 2687 1369 2725 referuntor,
1404 2697 1432 2717 s.

788 2734 822 2766 in
846 2733 996 2767 iudicum
1024 2742 1168 2766 numero
1193 2736 1309 2766 sunto.
1350 2732 1430 2766 Non

1455 599 1537 641 948
