1781 2971
291 179 372 219 52⁴2
588 178 895 221 INCERTI
939 178 1334 223 AUCTORIS.

288 297 415 355 βηθῇ
453 297 538 337 τῶν
570 294 810 350 Ἑλλήνων,
846 295 903 347 ὡς
942 297 994 339 ού
1029 296 1111 352 χρὴ
1157 302 1252 354 περὶ
1291 296 1344 339 τά
1385 297 1491 340 θεῖά
1527 313 1632 340 ποτε

289 362 688 418 πραγματεύεσθαι
723 365 925 416 θνητούς
961 363 1108 414 ὄντας,
1143 366 1234 407 πᾶν
1269 367 1314 406 δὲ
1360 363 1502 418 τούτῳ
1539 366 1633 407 δια-

288 431 520 481 νοηθῆναι
558 431 839 481 τούναντίον,
886 430 943 481 ὡς
980 430 1080 475 οὔτε
1123 431 1275 489 ἄφρον
1319 434 1408 474 ἐστι’
1442 447 1547 474 ποτε
1581 428 1630 474 τὸ

222 508 260 550 Β
294 498 429 539 θεῖον
466 496 566 539 οὔτε
601 497 755 550 ἀγνοεῖ
791 515 875 540 που
907 500 989 550 τήν
1023 499 1321 552 ἀνθρωπίνην
1346 496 1494 556 φύσιν,
1529 496 1628 540 ἀλλ’

483 562 552 607 ὅτι
610 563 894 615 διδάσκοντος
940 565 1079 608 αὐτοῦ
1135 565 1517 618 ξυνακολουθήσει
1560 583 1632 607 και

287 632 547 684 μαθήσεται
596 631 649 673 τά
701 632 1015 686 διδασκόμενα,
1062 631 1129 675 ὅτι
1177 635 1220 675 δὲ
1262 631 1454 676 διδάσκει
1501 633 1632 675 τοῦτο

288 697 400 740 αὐτὸ
445 696 581 752 ἡμᾶς,
629 698 930 754 μανθάνομεν
965 702 1008 742 δὲ
1049 698 1188 750 ἡμεῖς,
1234 697 1439 754 ἀριθμόν
1481 716 1525 741 τε
1560 701 1632 742 καὶ

291 561 426 614 οἶδεν,

287 765 515 819 ἀριθμεῖν,
553 765 641 808 οἶδε
680 767 845 818 δήπου’

380 942 417 975 Ρ.
444 942 521 976 988.

288 990 332 1021 A.
357 986 396 1018 Ω.
425 989 527 1019 Voss.
549 988 586 1020 Ξ.

885 767 1064 809 παντων
1088 767 1171 821 γάρ
1207 767 1543 824 αᾳρονέστατου
1574 766 1632 807 ἄν

572 942 650 972 πᾶν
687 941 729 973 δὲ
766 942 901 985 τούτῳ
936 943 1061 985 mam]
1101 943 1214 982 Vulgo
1251 939 1388 973 τούτου.
1426 940 1494 973 Sed
1523 940 1630 982 τούτῳ

614 999 646 1019 x.
671 999 696 1020 r.
725 999 754 1021 a.
782 1000 810 1023 c,
839 988 867 1020 δ.
899 1000 926 1021 ο.
955 991 1045 1020 unde
1073 999 1164 1020 nnnc
1196 988 1350 1018 dativum
1376 990 1629 1019 revocavimus.

383 1034 422 1067 B.
473 1031 579 1065 αὐτὸ
613 1030 717 1065 αὐτὸ
747 1030 967 1077 a'yz·.]a15n3
994 1047 1061 1068 om.
1091 1036 1133 1066 A.
1161 1039 1194 1066 et
1219 1044 1270 1074 pr.
1302 1031 1339 1063 Ω.

287 1171 433 1203 noi-ibus
473 1181 514 1203 eo
553 1181 621 1212 quo
664 1172 784 1204 deceat
819 1174 923 1204 modo

287 1219 491 1259 prosequuti
518 1218 600 1250 sint.

334 1260 386 1295 ὥς
412 1261 551 1305 οὐχρὴ
581 1262 742 1303 περὶτὰ
764 1264 863 1295 θεῖα
882 1283 923 1287 -

288 1309 695 1352 πραγματεύεσθαι]
745 1311 799 1342 De
845 1322 923 1342 sen-

287 1358 398 1388 tentia
434 1368 464 1387 v.
508 1358 594 1387 plat.
630 1356 742 1397 Legg.
785 1357 855 1389 Vll.
891 1367 923 1398 p.

287 1403 366 1438 821.
387 1405 418 1434 A
449 1413 522 1444 sqq.
550 1403 640 1433 unde
667 1413 764 1434 suam
788 1404 925 1444 sapien-

287 1451 371 1481 tiam
398 1450 513 1480 hausit
538 1450 700 1489 scriptor.

334 1495 418 1526 πᾶν
444 1494 488 1526 δὲ
522 1493 657 1536 τούτῳ
695 1493 925 1535 διανοηθῇν

288 1553 356 1573 ναι
389 1541 436 1582 1.]
469 1542 523 1572 Ex
555 1542 778 1583 praecedenti
812 1540 927 1581 μηὸεὶσ

289 1587 440 1629 φοβηθῇ
480 1590 514 1619 in
553 1589 728 1619 sententia
762 1588 926 1619 adversa-

289 1636 362 1666 tiva
402 1636 616 1666 contrarium
659 1634 926 1673 intelligendum

289 1681 509 1721 relinquitur,
537 1679 679 1711 ἕκαστος
705 1679 875 1720 νομιζέτω.
893 1690 924 1710 v.

289 1728 332 1758 ad
360 1726 477 1767 Symp.
502 1737 532 1767 p.
559 1726 637 1759 192.
662 1726 703 1757 E.

336 1794 376 1825 B.
426 1792 712 1825 διδάσκοντος
771 1789 921 1835 astuti]

292 1841 354 1871 τοῦ
383 1839 498 1872 θειᾞου
525 1859 568 1863 -
595 1837 923 1893 gvuanozovftr'-

292 1897 354 1918 σει
379 1887 447 1918 καὶ
471 1884 724 1940 μαθήσεταιἰ
747 1896 792 1917 sc.
823 1881 841 1926 ἡ
867 1881 922 1916 ἂν·

290 1933 451 1974 θρωπινη
478 1931 583 1973 φύσις
608 1945 634 1965 s.
660 1929 678 1964 ό
703 1930 904 1972 ἅιθριυπος.

338 2000 381 2033 τὸ
415 1999 645 2042 λεγόμενον
671 1999 746 2043 γὰρ
779 1998 827 2032 ἄν
861 1998 924 2031 ὅν-

292 2049 386 2089 ιως]
414 2047 563 2080 Notabis
591 2049 781 2090 particulae
797 2045 839 2078 liv
856 2048 925 2078 col-

289 2095 511 2132 locationem,
538 2096 579 2126 de
606 2105 676 2136 qua
701 2105 731 2127 v.
750 2094 792 2125 ad
814 2093 925 2125 Phae-

290 2141 371 2172 don.
399 2151 432 2181 p.
458 2140 513 2174 87.
541 2142 584 2174 A.

336 2184 466 2228 λόγον
498 2183 542 2224 δὴ
579 2186 646 2217 καὶ
679 2183 832 2216 πολὺν
859 2184 922 2226 ——]

288 2233 366 2265 Hoc
387 2234 488 2264 dicit:
518 2232 659 2264 Priscos
682 2232 840 2263 homines
859 2231 923 2261 uti-

289 2290 355 2320 que
391 2284 664 2310 consentaneum
702 2283 754 2310 est
787 2279 821 2308 in
857 2277 925 2307 diis

287 2327 522 2366 agnoscendis
576 2327 708 2366 riteque
769 2324 924 2355 colendis

289 2373 396 2404 variis
415 2372 527 2403 modis
547 2382 567 2402 a
584 2377 677 2402 recto
695 2371 925 2408 aberravisse,

290 2418 580 2459 quemadmodum
616 2419 720 2448 etiarn
755 2416 925 2458 posterio-

289 2474 344 2495 res
370 2470 576 2495 erraverunt
600 2469 744 2494 naturae
777 2463 924 2493 elemen-

289 2511 333 2541 tis
360 2521 418 2541 eas
436 2512 580 2542 virtutes
606 2509 808 2547 tribuentes,
836 2517 924 2548 quac

289 2563 369 2587 sunt
411 2557 561 2587 numinis
597 2556 707 2586 divini
751 2554 923 2595 propriae.

289 2601 390 2632 Nunc
422 2608 535 2633 autem
571 2612 674 2643 quum
710 2600 922 2632 intellexeri-

287 2658 374 2685 mus,
401 2649 552 2679 animum
580 2658 674 2685 esse,
699 2648 756 2689 qui
787 2650 924 2679 moveat

288 2700 322 2724 et
347 2699 429 2732 agat
455 2705 612 2735 corpora,
640 2699 730 2724 certe
759 2693 792 2723 id
820 2692 921 2722 eriam

287 2746 406 2781 aperte
433 2740 677 2771 declarandum
701 2750 739 2772 ac
757 2738 920 2780 profiten-

289 2786 369 2818 dum
396 2791 464 2826 est3
499 2796 670 2827 quumque
706 2784 922 2827 perspexeri-

992 1183 1067 1203 mus
1099 1180 1201 1202 omne
1237 1171 1365 1202 bonum
1397 1180 1417 1201 a
1451 1171 1514 1201 tali
1547 1171 1630 1201 item

990 1225 1136 1256 natura,
1172 1217 1208 1248 id
1234 1222 1285 1248 est
1310 1217 1415 1255 bona,
1441 1216 1629 1256 proficisci,

993 1272 1026 1295 et
1053 1273 1154 1295 omne
1180 1264 1307 1294 malum
1327 1273 1347 1294 a
1372 1268 1497 1294 natura
1517 1263 1630 1293 bonae

993 1310 1180 1348 contraria,
1205 1309 1364 1350 profecto
1391 1309 1493 1340 etiam
1520 1318 1628 1349 agno-

994 1367 1088 1388 scere
1119 1356 1301 1395 debemus,
1331 1361 1462 1387 motum
1500 1355 1629 1386 bonum

993 1405 1036 1435 ab
1073 1403 1206 1443 optima
1236 1406 1349 1433 mente
1383 1401 1492 1439 effici,
1525 1406 1630 1441 atque

994 1450 1108 1490 ipsum
1137 1449 1266 1479 bouum
1299 1448 1390 1479 malo
1416 1457 1492 1478 esse
1525 1448 1630 1487 longe

995 1495 1183 1536 potentius.
1233 1494 1287 1524 Ex
1314 1504 1381 1534 quo
1407 1493 1569 1532 efficitur,
1593 1498 1630 1523 ut

996 1543 1049 1573 vir
1076 1542 1188 1572 bonus
1217 1546 1249 1571 et
1276 1541 1443 1571 honestus
1467 1541 1547 1570 item
1566 1549 1627 1580 pro

995 1589 1152 1629 sapiente
1183 1587 1365 1618 habendus
1398 1587 1443 1617 sit
1469 1590 1522 1626 (p.
1547 1584 1626 1619 988.

1041 1677 1173 1720 λόγον
1207 1675 1254 1718 δὴ
1292 1677 1355 1708 καὶ
1392 1675 1526 1707 πολὺν
1564 1678 1628 1706 καὶ

993 1724 1122 1756 καλὸν
1160 1724 1263 1764 ἔχει,
1309 1725 1520 1754 rationem
1560 1723 1626 1754 ha-

991 1773 1060 1803 bet
1085 1776 1125 1802 et
1149 1779 1343 1810 magnam
1369 1770 1625 1809 etpulcram

992 1818 1110 1859 (facile
1126 1817 1291 1847 credibile
1306 1821 1357 1847 est
1371 1821 1515 1856 propter
1530 1824 1627 1846 caus-

993 1874 1048 1895 sas
1077 1869 1110 1894 et
1141 1864 1296 1894 rationes
1329 1862 1431 1892 valde
1463 1861 1626 1901 probabi-

993 1911 1070 1948 lesl,
1091 1915 1184 1948 tum,
1213 1918 1334 1949 quum
1359 1908 1533 1949 primum
1555 1907 1627 1937 ho—

993 1957 1180 1987 minibus
1214 1956 1261 1986 de
1297 1955 1384 1985 diis
1423 1963 1625 1994 quaerere

993 2004 1032 2033 in
1065 2009 1243 2034 mentem
1281 2001 1490 2039 venisset,
1527 2009 1625 2040 quo-

993 2050 1114 2080 modo
1158 2048 1224 2079 illi
1272 2047 1358 2077 orti
1399 2051 1542 2078 essent
1587 2050 1626 2076 et

994 2095 1141 2135 qualia
1166 2094 1345 2133 negotia
1371 2096 1623 2128 tractarent,

993 2140 1271 2182 sapientibus
1314 2148 1398 2169 non
1444 2147 1492 2168 ex
1536 2146 1622 2168 sen-

992 2188 1136 2218 tentia
1173 2195 1250 2217 nec
1295 2189 1414 2224 grate
1461 2183 1510 2213 de
1556 2182 1622 2212 his

992 2233 1119 2264 rebus
1165 2231 1401 2262 iudicatum
1441 2238 1544 2259 csse.
1580 2247 1622 2249 —-

995 2282 1081 2309 τοῖς
1120 2275 1330 2315 σώφροσι,
1365 2275 1408 2305 iis
1443 2275 1501 2315 qui
1533 2274 1623 2304 ultra

995 2325 1116 2364 vulgus
1156 2327 1319 2363 saperent
1356 2325 1479 2361 postea
1518 2325 1623 2360 atque

993 2371 1034 2402 de
1061 2371 1162 2401 rebus
1195 2369 1323 2399 divinis
1355 2368 1524 2398 sentirent
1554 2376 1621 2397 me-

993 2417 1068 2447 lius.
1116 2415 1267 2446 Dativus
1311 2420 1380 2444 tam
1421 2423 1497 2444 cum
1541 2409 1622 2443 κατὰ

993 2462 1079 2492 voit*
1118 2471 1219 2502 quam
1253 2471 1327 2491 cum
1361 2460 1468 2499 φίλως
1498 2459 1621 2489 coliae-

992 2514 1053 2539 ret
1082 2507 1170 2538 lim.
1199 2518 1230 2559 p.
1260 2506 1312 2540 17.
1333 2505 1370 2537 C.
1398 2505 1450 2536 καὶ
1475 2502 1560 2543 μάλα
1586 2514 1622 2543 γε

992 2551 1138 2595 ῥνιῒεῐσα
1170 2553 1250 2584 πᾶσι
1286 2549 1366 2583 κατὰ
1397 2551 1494 2582 νοῦι.
1531 2550 1619 2581 lbid.

991 2611 1021 2641 p
1048 2600 1101 2634 36.
1129 2600 1172 2630 D.
1207 2597 1322 2638 ἐπειδὴ
1357 2597 1392 2628 δὲ
1424 2594 1504 2627 κατὰ
1536 2596 1621 2626 ν’·οιι

993 2647 1035 2677 ιιῑ
1073 2644 1264 2685 ξιιισιιὶνιι
1298 2646 1388 2675 πᾶσα
1413 2639 1431 2684 ἦ
1466 2652 1524 2672 trs
1555 2649 1618 2681 ψυ-

990 2693 1050 2732 χῆς
1078 2690 1238 2727 &nort-1015*
1263 2690 1451 2731 &nysi-7110.
1478 2689 1566 2720 lbid.
1586 2699 1606 2728 p

989 2740 1044 2772 27.
1073 2738 1110 2769 C.
1147 2737 1227 2769 κατὰ
1267 2737 1353 2768 νοῦν
1388 2735 1530 2767 ἐκεινοις
1559 2732 1618 2772 μὲν

989 2783 1136 2823 μάλιστα,
1152 2783 1324 2823 ἑπομένως
1341 2780 1375 2813 δὲ
1393 2778 1478 2823 ἡμῖν.
1506 2780 1617 2813 Phae·
