1781 2971
252 132 331 173 DE
366 131 642 175 LEGIBUS
681 131 937 174 11B.X11.
977 133 1023 174 Ρ
1059 134 1155 174 ⁴343.
1357 136 1437 177 347

84 253 179 305 περὶ
209 256 425 306 προτέρου
460 252 651 304 πολέμου
674 252 809 305 μηδὲν
830 249 1132 306 παρεχόμενον
1154 249 1264 306 μήτε
1288 250 1443 306 τεκμή-

81 335 180 374 ριον
215 317 324 372 μήτε
357 316 595 374 μαρτύρων
630 316 858 376 πιστώσεις
888 317 1053 371 λόγων,
1089 316 1229 370 αὐτῆς
1264 320 1308 360 δὲ
1345 321 1442 372 περὶ

84 386 160 437 τῆς
193 387 425 440 στρατείας
454 385 529 435 τῆς
556 382 654 427 τότε
690 391 923 439 γενομένης
951 384 1118 434 αὐτοῖς.
1143 392 1365 443 στεᾳανον
1395 388 1440 428 δὲ

83 452 132 494 τὸ
163 451 420 506 νικητήριον
444 452 645 502 ἑκάστοις
675 451 785 495 εἶναι
808 453 1007 495 θαλλοῦ·
1040 455 1204 495 τοῦτον
1226 454 1270 495 δὲ
1302 458 1360 502 εὶς
1384 452 1439 495 τοι

82 521 171 562 τῶν
208 519 454 572 πολεμικῶν
490 519 614 561 θεῶν
644 519 754 576 ἱερά,
791 512 852 561 ὧν
879 517 937 561 ἄν
966 536 1030 568 τις
1065 518 1296 572 βούληται,
1333 518 1442 576 γρα-

81 600 238 645 ψαντα
258 585 508 628 ἀναθεῖναι
532 585 779 642 μαρτύριον
805 591 862 635 εἰς
889 585 968 638 τὴν
994 588 1080 627 τῶν
1093 586 1325 642 ἀριστείων
1351 595 1441 644 κρί-

82 670 150 696 σιν
177 653 346 703 παντὸς
368 654 446 696 τοῦ
472 654 572 706 ῥἰὀυ
600 656 672 696 καὶ
702 655 784 704 τὴν
809 656 896 694 τῶν
930 655 1140 707 δευτέρων
1166 655 1239 696 καὶ
1266 659 1436 710 τρίτων.

81 720 161 763 ἐὰν
207 724 251 763 δὲ
296 718 619 775 στρατεύσηται
662 726 740 772 μέν
778 736 864 768 τις,
909 718 969 773 μὴ
1016 719 1348 774 ἀπαγαγόντων
1395 724 1438 764 δὲ

82 790 171 829 τῶν
203 786 436 843 ἀρχόντων
471 786 619 828 οἴκαδε
656 788 926 846 προαπέλθῃ
963 788 1043 829 τοῦ
1076 786 1256 841 χρόνον,
1293 790 1438 830 aemo-

81 855 232 906 ταξιόυ
266 851 438 896 τούτων
471 852 584 895 εἶναι
618 853 798 912 γραφὰς
833 858 879 896 ἐν
914 862 1007 904 τοῖς
1043 853 1210 904 αὐτοῖς,
1250 853 1315 904 οἷς
1343 859 1440 910 περὶ

80 922 160 974 τῆς
187 920 466 976 ἀστρατείας,
502 917 692 978 ὅφλουσί
723 938 767 963 τε
791 925 993 976 τιμωρίαι
1029 925 1278 964 ἐπέστωσαν
1308 926 1438 978 αἴπερ

80 994 152 1031 καὶ
191 988 395 1045 πρόσθεν
443 989 684 1040 ὲτεθησαν.
754 986 852 1042 Χρὴ
888 992 968 1041 μὲν
1005 987 1058 1040 δὴ
1105 990 1255 1032 πᾶσαν
1290 995 1438 1047 ἐπιφε-

81 1073 221 1111 ροντα
258 1058 382 1107 δίκην
417 1054 549 1109 ἀνδρὶ
586 1054 718 1098 πάντ’
760 1055 904 1111 ἄνδρα
953 1057 1203 1115 φοβεῖσθαι
1241 1054 1289 1100 τὸ
1327 1055 1436 1111 μήτε

80 1192 135 1218 ste
171 1187 292 1218 Bastio
326 1191 358 1218 et
394 1185 485 1218 Flor.
519 1197 548 1219 a.
576 1196 604 1217 c.
635 1184 664 1217 δ.
691 1197 722 1219 ο.
756 1196 798 1218 ex
826 1195 957 1217 canone
994 1186 1148 1219 haeresis
1185 1189 1436 1229 grammatico-

79 1243 152 1265 rum
181 1232 410 1274 quorundam,
441 1233 483 1264 de
508 1242 576 1273 quo
603 1232 670 1263 aiio
698 1233 774 1263 loco
802 1231 962 1264 diximus.

172 1281 234 1313 εἰς
261 1278 336 1318 τὴν
362 1281 441 1309 τῶν
466 1277 703 1321 ἀριστείων
728 1277 890 1319 κρίσιν]
916 1278 1036 1310 Libri:
1063 1277 1256 1321 α’ριστειῶν.

79 1326 128 1357 xit
154 1325 362 1366 Stuphauins,
390 1335 491 1364 quem
517 1326 639 1356 Astius
665 1324 790 1364 aliique
815 1326 952 1364 sequuti
984 1329 1074 1356 sunt

171 1369 499 1414 στρατεύσηται
525 1374 599 1412 μέν
624 1368 709 1410 τις]
744 1369 803 1401 Sic
830 1371 862 1400 A
888 1371 999 1410 (teste
1029 1370 1206 1406 Bekkero)
1236 1367 1273 1400 Ω.
1301 1381 1331 1401 v.
1357 1370 1380 1401 f.
1408 1379 1433 1401 Γ.

80 1427 112 1449 a.
142 1416 173 1448 ὁ.
200 1429 231 1448 ο.
258 1416 350 1458 quod
378 1426 453 1448 cum
489 1401 563 1448 aliis
589 1416 718 1455 recepi.
767 1416 903 1456 Vulgo.
935 1415 1140 1460 στρατεύσῃ.
1189 1415 1282 1447 Dein
1314 1417 1434 1457 vulgo·

78 1461 306 1511 ἀπαγόντων,
333 1462 584 1494 reluctantibus
611 1461 707 1494 libris
736 1463 774 1493 Α.
807 1458 845 1492 Ω.
874 1471 904 1492 ν.
932 1473 962 1493 a.

173 1509 210 1540 D.
260 1505 326 1544 οἷς
363 1508 459 1549 περὶ
492 1513 566 1547 τῆς
601 1506 896 1553 ἀστρατείας]
926 1507 1020 1539 Libri
1049 1517 1170 1539 omnes
1196 1511 1247 1544 οἱς
1273 1520 1348 1538 nui
1376 1510 1437 1546 τῆς

232 1554 383 1587 Refinxit
415 1554 598 1586 Bekkerus
643 1556 760 1595 οἱςπερ
791 1556 853 1592 τῆς
883 1551 1109 1596 ἀστρατείας,
1143 1554 1200 1594 qui
1235 1549 1285 1589 οἷς
1318 1555 1349 1584 in
1382 1564 1432 1594 pr.

557 1599 636 1631 Non
668 1609 757 1641 opus
787 1600 989 1632 mutatione.
1031 1599 1193 1632 Schneid.
1229 1600 1435 1635 λιποταξίου

1308 1280 1334 1311 C
1339 1289 1436 1311 orre-

78 1553 178 1595 ἅστρ.

79 1603 124 1632 A.
152 1601 200 1632 Ω.
229 1601 355 1634 deesse
382 1605 508 1632 narrat.

79 1648 231 1689 scripsit,
257 1648 375 1680 invitis
403 1645 506 1678 codd.

792 1759 860 1791 hoc
887 1754 932 1798 μὴ
962 1756 1159 1797 ἐπενεγκεῖν.
1196 1757 1433 1791 Quamobrem

79 1770 146 1801 qua
173 1771 210 1792 re
238 1760 510 1793 Hermannus
537 1760 556 1791 Ι.
581 1769 610 1791 c.
639 1769 721 1792 con-

791 1804 882 1837 istud
909 1800 998 1844 μηίε
1033 1802 1163 1835 dudum
1189 1803 1221 1835 in
1246 1802 1293 1845 μή
1332 1809 1432 1845 puta-

79 1806 161 1838 ferri
195 1807 289 1839 iubet
327 1806 540 1838 Herodot.
574 1805 604 1837 Ι.
642 1805 720 1840 144.

79 1853 250 1884 Isaeum
301 1852 343 1884 de
384 1852 555 1893 Dicaeog.
595 1851 626 1891 ἓ.
664 1852 721 1886 41.

80 1897 311 1931 Demosth.
346 1897 422 1929 adv.
461 1896 650 1939 Phoenipp.
688 1909 721 1939 p.

80 1943 186 1984 1045,
211 1943 266 1977 22.
298 1941 504 1975 Aeschin.
532 1943 610 1975 adv.
638 1943 722 1976 Cte—

80 1990 167 2032 siph.
193 1990 223 2030 ξ.
250 1989 307 2024 46.

127 2061 173 2094 D.
234 2055 298 2097 οἷς
328 2057 533 2099 περὶτῆς
564 2056 722 2099 α’στρα-

79 2106 221 2149 τείας]
257 2106 301 2138 H.
337 2116 366 2137 e.
399 2105 434 2135 ἐν
467 2100 538 2143 οἷς,
574 2114 722 2136 coram

81 2154 250 2200 quibus.
289 2152 325 2183 V.
353 2151 395 2182 ad
423 2151 530 2192 Apol.
558 2149 658 2182 socr.
689 2161 720 2190 p.

79 2201 136 2233 27.
174 2201 214 2232 D.
256 2196 384 2229 i’haed.
421 2197 614 2238 p.76.1).
663 2196 720 2227 Ad

80 2246 159 2288 περὶ
191 2248 252 2284 τῆς
287 2243 599 2285 11'079.intelligas
637 2254 720 2283 γρα-

82 2293 148 2333 φαί
179 2290 272 2322 εἰσιν.
306 2308 348 2312 -
405 2287 568 2320 τούτων
602 2298 722 2320 rursus

81 2347 143 2381 per
180 2336 315 2377 synesin
357 2335 505 2375 positum
544 2335 588 2365 ob
627 2339 720 2365 ante-

80 2393 240 2425 gressum
267 2380 326 2412 ἐᾰν
351 2392 413 2416 τις,
440 2385 476 2411 ut
497 2379 576 2414 941.
605 2382 649 2412 A.
677 2381 720 2411 ai.

129 2451 388 2491 φοβεῖσθαι
423 2448 468 2480 τὸ
497 2447 604 2490 μήτε
630 2449 720 2480 ἒπε-

82 2500 248 2539 νεγκεῖν
283 2497 354 2534 -]
398 2494 435 2526 ln
472 2495 523 2527 his
556 2493 644 2537 μήτε
678 2495 721 2526 de

82 2544 166 2575 vitio
214 2545 411 2583 suspectum
462 2546 532 2577 est
592 2541 721 2582 quippe

82 2587 176 2630 quoi
217 2588 248 2619 in
289 2586 456 2628 proximis
496 2586 578 2618 nihii
619 2586 722 2618 habet

82 2634 199 2676 quod'
193 2634 255 2674 ipsi
273 2633 496 2680 respondeat.
521 2632 608 2664 Nam
628 2631 720 2673 quod

82 2681 256 2722 sequitur.
283 2677 368 2721 μήτ’
400 2682 464 2711 miv
487 2677 608 2711 ἑκόντα
633 2676 719 2719 μήτ’

80 2726 231 2767 ἄκοντα,
263 2725 296 2758 id
335 2726 487 2767 pertinet
527 2723 569 2757 ad
609 2727 721 2757 totum

793 1853 901 1883 vimus
919 1849 1127 1880 commutari
1144 1854 1323 1890 oportere,
1340 1849 1432 1889 quod

792 1906 913 1929 revera
941 1894 1023 1926 feeit
1050 1904 1158 1935 nuper
1177 1895 1215 1926 C.
1236 1895 1298 1927 Fr.
1330 1895 1357 1926 H
1374 1905 1434 1927 er-

794 1952 929 1976 mann.
986 1940 1065 1972 Quo
1114 1940 1208 1971 facto
1262 1942 1433 1972 sententia

794 1989 939 2029 emergit
990 1990 1084 2017 recta
1133 1991 1238 2027 atque
1287 1986 1431 2027 integra.

792 2034 880 2068 Nam
900 2033 1091 2075 φοβεῖσθαι
1116 2031 1155 2062 τὸ
1184 2030 1230 2072 μὴ
1250 2032 1433 2074 ἐπενεγκεῖν

791 2080 882 2113 idem
912 2082 967 2111 est
991 2077 1084 2118 quod
1116 2089 1151 2120 ‹p.
1177 2076 1261 2113 ὥςτε
1285 2077 1331 2119 μὴ
1357 2079 1434 2109 ἑπε-

791 2139 877 2168 nyn,
906 2124 1122 2164 Quamquam
1146 2123 1189 2156 de
1210 2124 1323 2155 verbis
1350 2134 1434 2165 ψευ-

791 2173 834 2213 δῆ
859 2171 1028 2211 τιμωρίαν
1055 2170 1327 2202 controversiam
1357 2180 1432 2201 mo-

791 2220 839 2250 vit
864 2215 1433 2248 winckeln1annus.ls

791 2265 881 2297 enim
911 2271 972 2304 pro
999 2262 1039 2293 iis
1067 2262 1133 2302 legi
1159 2262 1284 2293 voluit:
1322 2262 1434 2302 ψευδῆ·

789 2308 1058 2351 κατηγορίαν
1117 2306 1226 2349 μήτε
1273 2319 1433 2348 μαρτυ-

790 2356 905 2398 ρίαν,
934 2367 962 2384 κ.
994 2366 1024 2384 τ.
1052 2353 1080 2384 λ.
1141 2356 1182 2384 At
1210 2363 1325 2385 veram
1353 2363 1432 2384 cen-

791 2412 907 2434 semus
935 2410 1013 2432 esse
1045 2398 1200 2430 codicum
1231 2399 1430 2439 lectionem,

792 2444 1070 2490 quandoquidem
1114 2443 1225 2486 ψευδῆ
1266 2445 1432 2486 τιμωρίαν

788 2495 974 2535 ἐπενεγκεῖν
999 2490 1101 2522 nihilo
1128 2492 1203 2532 pius
1228 2490 1432 2523 offensionis

791 2539 897 2572 habet
938 2547 1039 2578 quam
1082 2537 1108 2567 si
1150 2535 1274 2568 Latino.
1318 2536 1430 2568 dicas:

789 2587 1003 2617 ultionem
1070 2583 1211 2615 alicui
1263 2583 1430 2614 inferre

790 2630 1060 2668 mendacem,
1105 2627 1136 2660 11.
1172 2639 1201 2662 e.
1239 2628 1326 2661 Falso
1367 2629 1429 2660 ali—

788 2687 891 2719 quem
920 2685 1096 2715 accusare‚
1122 2679 1158 2707 ut
1184 2675 1228 2707 ab
1255 2685 1296 2708 eo
1317 2684 1429 2716 poena

790 2727 954 2756 sumatur.
