1781 2971
254 244 290 284 C

265 919 305 959 Ι)

330 132 382 168 :w
810 124 1184 167 PLAToNlS

435 242 546 303 Cap.
583 238 665 284 IV.
738 240 842 284 Alu.
900 241 1090 297 ”Αρισι·’,
1125 235 1156 283 ὦ
1207 243 1401 290 Κλεινία,
1449 238 1605 293 σχεδόν
1645 240 1683 278 τί

330 328 380 366 με
417 309 557 363 vagam
596 305 843 365 φερόμενον
879 306 1174 364 ἀντικρούσας
1210 306 1469 363 ἀνήγειρας,
1513 309 1682 347 ἐννενο-

339 376 472 430 ηκότα
507 377 552 418 δὲ
584 377 657 416 καὶ
694 373 916 428 πρότερον
950 373 1224 429 ὑπέμνησας,
1274 372 1344 416 ὅτι
1382 371 1436 415 τὰ
1471 374 1568 427 περὶ
1604 369 1686 422 τὴν

338 446 426 486 τῶν
463 440 611 496 νόμων
649 442 777 483 θέσιν
811 439 955 483 οὐδενὶ
993 440 1143 498 τρόπῳ
1191 439 1365 484 πώποτε
1400 442 1576 493 γέγονεν
1611 435 1687 493 ὀρ·

338 511 437 559 θῶς
482 511 862 561 διαπεπονημένα,
913 505 972 558 ὡς
1006 524 1052 562 γε
1089 512 1133 550 ἐν
1175 509 1235 562 τῷ
1267 509 1349 550 νῦν
1393 520 1690 561 παραπεπτω-

331 575 424 621 κότι
462 578 614 629 λέγειν.
651 576 742 624 πῶς
771 573 809 616 δ’
851 567 910 616 αὖ
939 577 1012 617 καὶ
1043 575 1180 617 τοῦτο
1219 576 1422 628 hyopam
1454 571 1506 615 οὑ
1545 571 1687 620 κακῶς

330 642 638 704 ἀπῃκάσαμεν,
675 639 749 684 ὅτε
785 640 962 690 δούλοις
1008 639 1066 691 ὡς
1097 644 1425 694 ἰατρευομένοις
1459 635 1546 681 ὑπὸ
1583 637 1686 681 δού·

333 714 419 753 λων
455 708 740 769 ἀπῃκάζομεν
776 707 948 757 πάντας
986 706 1090 757 τοὺς
1127 709 1208 749 νῦν
1256 708 1686 760 νομοθετουμένους.

332 771 380 820 εὖ
418 778 505 831 γάρ
550 775 821 817 ἐπίστασθαι
857 776 921 817 δεῖ
957 772 1007 818 τὸ
1045 774 1231 829 τοιόνδε,
1268 772 1324 822 ὡς
1363 777 1397 815 εὶ
1442 770 1688 825 καταλάβοι

337 851 441 887 ποτε
478 859 542 892 τις
577 841 733 897 ἰατρὸς
768 842 856 883 τῶν
894 849 991 892 ταῖς
1023 844 1265 896 ἐμπειρίαις
1289 839 1396 882 ἄνευ
1434 839 1569 891 λόγου
1606 835 1689 890 τὴν

339 908 542 964 ἰατρικὴν
590 910 1004 963 μεταχειριζομένων
1058 909 1300 962 ἐλεύθερον
1348 908 1568 961 ἐλευθέρῳ
1615 920 1689 947 νο-

337 979 490 1020 σοῦντι
527 974 841 1031 διαλεγόμενον
877 972 1050 1030 ἰατρόν,
1087 977 1158 1017 καὶ
1198 974 1276 1016 τοῦ
1316 975 1579 1030 ᾳιλοσοᾳεῐν
1615 976 1688 1024 ἑγ-

337 1043 416 1098 γυς
444 1040 673 1099 χρώμενον
709 1043 789 1097 μὲν
825 1049 917 1092 τοῖς
953 1039 1112 1095 λόγοις,
1151 1040 1192 1092 ἐξ
1228 1039 1368 1095 ἀρχῆς
1405 1056 1448 1082 τε
1494 1037 1689 1093 (intom-

432 1192 591 1236 σχεδόν
623 1194 661 1224 τί
683 1204 728 1233 με
761 1190 900 1234 ὥςπερ
935 1193 993 1237 φ.]
1028 1196 1084 1225 τοί
1104 1205 1143 1232 με
1168 1195 1211 1226 A.
1244 1191 1282 1225 Ω.
1311 1194 1348 1226 Ξ.
1379 1205 1411 1226 v.
1437 1192 1462 1224 f.
1490 1202 1518 1223 r.
1544 1202 1577 1224 a.
1604 1201 1632 1223 c.
1662 1190 1691 1222 δ.

345 1254 376 1275 ο.
411 1240 618 1273 Schneider.
686 1239 761 1271 Nee
792 1244 906 1271 tamea
937 1240 1078 1272 Bastius
1108 1241 1199 1272 hanc
1229 1240 1414 1271 lectionem
1447 1247 1489 1269 ex
1525 1237 1607 1269 Par.
1645 1238 1690 1269 A.

344 1288 520 1327 enotavit,
548 1286 705 1327 quamvis
732 1296 750 1317 e
780 1285 854 1317 iat.
886 1282 923 1316 Ω.
950 1291 1138 1318 enotatam.

436 1334 475 1365 C.
524 1330 746 1372 πρότερον
777 1328 1054 1373 ι’·πέμινησας]
1088 1331 1147 1363 Sic
1180 1341 1210 1362 v.
1244 1330 1268 1363 f.
1299 1340 1330 1361 a.
1365 1340 1397 1361 ο.
1428 1333 1462 1361 et
1491 1338 1614 1370 margo
1652 1327 1689 1361 Ω.

343 1390 372 1411 (ε.
401 1378 430 1411 δ.
456 1379 660 1420 Legebatur
685 1378 768 1409 olim
796 1376 922 1417 ἕτερον.

439 1422 494 1456 ὥς
520 1435 564 1466 γε
591 1422 633 1454 ἐι·
659 1423 711 1465 τῷ
741 1423 816 1454 νῦν
842 1434 875 1454 π.
902 1424 951 1464 L]
981 1421 1063 1456 ὥστε
1090 1424 1134 1455 Α.
1162 1433 1194 1454 v.
1221 1421 1256 1453 h.
1286 1431 1315 1453 r.
1341 1431 1373 1453 a.
1401 1431 1430 1453 c..
1462 1418 1491 1452 δ.
1517 1431 1548 1451 o.
1574 1424 1608 1451 et
1626 1429 1692 1451 rec.

347 1469 386 1502 Ω.
413 1471 484 1503 Pro
513 1466 797 1511 παραπεπτωκότι
826 1481 856 1500 v.
883 1469 908 1500 f.
942 1474 976 1502 et
1004 1479 1114 1510 marg.
1147 1477 1182 1499 x.
1207 1477 1238 1500 a.
1266 1477 1295 1499 c.
1322 1465 1351 1498 ὅ.
1384 1468 1428 1498 A.
1468 1463 1506 1499 Ω.
1540 1463 1692 1506 παρόντι,

343 1518 439 1558 quod
470 1517 601 1559 placuit
641 1515 914 1556 Turicensibus,
951 1516 1130 1557 displicuit
1161 1515 1264 1546 etiam
1291 1513 1504 1545 Hermanno.
1558 1511 1693 1555 Nempe

346 1561 491 1605 παρόντι
516 1563 662 1594 debetur
687 1562 890 1602 glossatori.

437 1609 573 1641 κακῶς
611 1604 912 1652 ἀπῃκάσαμεν]
939 1607 998 1640 Sic
1023 1606 1106 1638 Par.
1132 1606 1177 1637 A.
1205 1615 1225 1637 a
1250 1613 1301 1644 pr.
1328 1613 1370 1634 m.
1397 1613 1429 1634 v.
1457 1607 1491 1634 et
1516 1612 1566 1644 pr.
1596 1600 1633 1633 Ω.
1661 1613 1691 1635 a.

346 1664 409 1695 pro
438 1655 531 1695 vulg.
559 1649 795 1692 ἀπῃκάσαμεν.
844 1655 979 1687 Eodem
1006 1653 1110 1684 modo
1137 1652 1219 1682 item
1245 1650 1364 1691 paullo
1391 1654 1483 1690 post.
1521 1649 1693 1682 Herman-

391 1789 479 1831 Cap.
504 1787 564 1820 lv.
602 1785 760 1828 σχεδόν
787 1789 825 1819 τί
844 1798 888 1827 με
916 1784 989 1818 ὦς-

345 1847 425 1878 περ
469 1830 714 1874 φερόμενοι·
761 1831 987 1874 ἀντικρού-

345 1890 424 1914 σας
463 1877 717 1922 ἀνήγειρας]
759 1889 988 1921 propemo-

345 1929 437 1960 dum
464 1937 526 1958 me
552 1932 761 1968 tanquam
792 1930 988 1958 ruentem

345 1974 575 2015 repellens
602 1973 876 2004 excitavisti.

394 2019 433 2053 C.
484 2016 537 2051 ὥς
562 2029 610 2060 γε
634 2016 675 2049 ἐν
702 2018 754 2059 τῷ
787 2018 866 2049 νῦν
899 2027 934 2049 π.
961 2018 986 2048 λ.

348 2065 509 2108 λέγειν]
540 2069 585 2096 ut
609 2064 651 2095 id
679 2064 857 2104 obiter,
889 2073 989 2105 quo-

348 2113 460 2144 niam
485 2110 666 2142 nuncin
691 2110 803 2142 hunc
829 2119 987 2142 sermo·

347 2168 441 2190 nem
485 2155 793 2196 incidimus,
838 2156 988 2188 dicam.

346 2204 442 2236 Male
467 2203 540 2236 alii.

415 2250 504 2281 πιῦς
545 2243 579 2279 δ’
617 2241 667 2279 αὖ
706 2246 834 2278 τοῦτο
873 2243 988 2287 λέγο-

348 2296 476 2337 μεν,·].
510 2294 588 2337 lpse
631 2293 860 2325 Atheniensis
904 2292 990 2324 haec

349 2342 454 2382 dicit,
511 2341 750 2373 illustraturus
808 2338 990 2378 continuo,

349 2388 443 2430 quod
468 2388 573 2419 modo
599 2385 808 2418 enuntiavit.
864 2384 913 2416 De
939 2385 990 2415 in-

349 2432 648 2474 tei-rogationibus
673 2432 809 2464 mediae
836 2431 990 2462 orationi

350 2480 393 2512 ab
431 2480 517 2520 ipsis
553 2478 780 2520 loquentibus
816 2477 991 2517 interponi

354 2525 469 2557 solitis
496 2536 528 2555 v.
557 2524 581 2557 Ι.
610 2525 642 2558 5.
669 2523 714 2556 ΙΙ.
746 2523 776 2557 1.
801 2522 833 2556 5.
860 2522 928 2554 111.
957 2533 991 2563 p.

353 2571 433 2606 691.
462 2569 500 2602 C.
528 2569 604 2605 701.
628 2570 668 2602 C.
694 2569 753 2601 iv.
770 2568 908 2603 7221).
932 2568 995 2599 VI.

355 2616 433 2651 780.
467 2617 512 2648 A.
549 2615 643 2649 vlu.
680 2614 759 2649 848.
806 2614 847 2646 B.
883 2615 928 2646 al.
964 2618 998 2645 et

354 2672 445 2704 quae
483 2662 734 2704 adscripsimus
776 2661 820 2692 ad
857 2659 998 2692 Politic.

355 2719 386 2749 p.
413 2706 491 2741 2634.
519 2706 561 2739 C.
587 2708 680 2739 Mon.
707 2717 740 2747 p.
768 2706 823 2740 97.
854 2706 894 2737 Ε.
922 2705 998 2738 Cri-

1057 1792 1130 1818 ton.
1164 1796 1197 1827 p.
1223 1784 1280 1818 46.
1315 1783 1356 1816 C.
1391 1783 1498 1825 Apol.
1531 1781 1630 1815 socr.
1661 1794 1696 1826 p.

1056 1832 1112 1866 40.
1127 1831 1172 1864 Β.
1190 1829 1352 1872 Sympos.
1368 1840 1402 1871 p.
1418 1829 1496 1864 178.
1515 1828 1559 1860 D.
1579 1830 1693 1862 Asti-

1056 1889 1104 1910 us
1130 1878 1216 1910 haec
1249 1877 1358 1908 verba
1382 1886 1459 1908 cum
1483 1874 1583 1908 Bass.
1608 1875 1640 1909 1.
1662 1875 1694 1911 2.

1057 1929 1092 1956 et
1116 1924 1251 1964 aliquot
1275 1923 1378 1954 codd.
1401 1920 1538 1954 Cliniae
1562 1921 1697 1963 tribuit,

1056 1969 1308 2002 reluctantibus
1333 1968 1469 2000 voculis
1495 1962 1540 1999 αὖ
1567 1968 1633 2000 καί.

1106 2033 1155 2070 οὗ
1203 2037 1348 2068 κακῶς
1397 2032 1697 2078 ἀπῃκάσαμεν]

1057 2084 1257 2127 Respicitur
1280 2083 1325 2115 ad
1349 2082 1448 2114 Libr.
1474 2082 1536 2114 IV.
1563 2092 1598 2123 p.
1618 2082 1697 2116 720.

1058 2131 1104 2163 A.
1132 2141 1205 2172 sqq.
1226 2147 1268 2152 —-
1295 2125 1461 2159 πάντας
1485 2125 1594 2160 τοὺς
1620 2128 1698 2160 νῦν

1058 2175 1209 2216 ιὀμοθ.
1243 2184 1385 2206 omnes
1427 2185 1512 2214 eos,
1539 2175 1697 2215 quibus
1739 2172 1742 2173 ⁷

1059 2232 1174 2255 nunc
1202 2222 1330 2262 leges
1356 2221 1627 2252 scribuntur.

1127 2285 1173 2323 εὖ
1210 2287 1287 2332 γὰρ
1335 2287 1597 2320 ἐπίσιασθαι
1637 2286 1704 2320 δεῖ

1060 2335 1104 2368 τὸ
1162 2333 1375 2376 ιοιοί-δε,]
1435 2335 1543 2367 bene
1591 2335 1698 2368 enim

1060 2384 1178 2415 scire
1212 2386 1411 2424 oportet,
1447 2382 1483 2413 si
1509 2381 1605 2424 quis
1629 2390 1699 2414 un-

1060 2439 1184 2471 quam
1218 2429 1408 2460 medicus
1441 2437 1490 2458 ex
1519 2430 1698 2460 uu‘mero

1061 2485 1230 2514 eorum,
1278 2474 1352 2515 qui
1396 2478 1533 2506 artem
1572 2473 1697 2506 medi-

1064 2531 1151 2554 cam
1187 2521 1288 2553 solo
1330 2530 1404 2551 usu
1449 2524 1490 2551 et
1531 2518 1699 2560 experi-

1066 2568 1189 2599 entia
1214 2577 1261 2599 ac
1287 2567 1383 2598 sine
1412 2565 1592 2598 ratione
1617 2570 1698 2597 tra·

1067 2618 1208 2652 etant,
1243 2611 1540 2654 deprehendat
1572 2610 1699 2643 medi-

1067 2669 1147 2691 cum
1185 2658 1442 2690 liberaliter
1484 2657 1699 2689 eruditum

1070 2716 1159 2738 cum
1209 2710 1394 2743 aegroto
1443 2703 1700 2735 liberaliter
