1781 2971
260 131 341 171 462
688 126 770 167 DE
804 125 1184 168 EPINOMINIS

261 243 390 283 situm
422 254 517 282 esse
551 239 758 292 docetur,
800 246 846 280 ut
886 238 1038 280 calidis
1078 246 1122 280 et
1153 238 1514 281 inoderatioribus
1546 239 1609 280 in-

263 316 284 331 ‹›
261 297 399 353 Deniis
431 295 670 351 prudenter
701 296 944 337 coniunctis
978 302 1107 348 itque
1140 295 1399 336 consociatis
1423 296 1610 336 civitatis

261 335 496 394 eoncmdia
528 368 656 407 quam
697 353 881 393 maxim-t
923 352 1151 394 efficiatur
1225 351 1321 393 Nisi
1365 352 1476 392 forte
1507 367 1610 393 con-

264 411 449 450 formata
488 417 556 451 est
597 409 741 465 potius
780 407 836 449 ad
876 423 952 461 ea,
1000 423 1110 462 quae
1152 409 1195 449 in
1231 409 1397 463 hegum
1440 407 1612 449 duobus

262 466 383 507 libris
416 466 636 520 prioribus
669 465 883 520 explicata
921 473 1047 517 sunt,
1093 465 1165 506 ubi
1206 465 1503 520 copiosissime
1535 463 1612 505 do-

263 529 387 564 cetur
427 523 471 563 in
506 521 826 564 constituendis
868 521 1117 563 civitatibus
1166 521 1210 562 id
1250 522 1433 562 maxime
1473 521 1614 562 curari

265 586 488 635 oporteie,
532 586 579 620 ut
609 595 706 620 cum
737 577 988 619 f01titudinc
1021 578 1179 618 civium
1210 578 1280 618 eti
1284 594 1337 618 im
1370 585 1615 633 temperan-

264 637 326 677 tia
357 636 630 677 consocietur
669 643 712 676 et
743 650 829 688 qua
864 635 1026 675 iatioue
1070 634 1112 674 id
1155 634 1268 675 effici
1301 635 1440 689 possit
1472 634 1614 675 decla—

266 699 398 733 ratur.
470 691 632 733 Verum
665 691 956 745 undecunque
988 691 1172 746 scriptor
1204 690 1299 732 libii
1331 691 1414 732 ista
1446 690 1614 743 sumsit,

267 748 375 790 illud
417 754 534 790 certe
574 749 749 790 minime
782 748 885 789 obs(
878 763 1011 788 urum
1053 754 1144 799 est,
1178 748 1351 788 sinistre
1392 748 1532 803 ipsum
1563 747 1616 788 iis

267 821 392 848 usum
423 818 534 858 esse,
569 821 698 859 quum
732 812 773 845 et
806 810 1044 860 argument
1037 804 1194 845 itionis
1228 803 1423 845 ordinem
1445 818 1495 845 ac
1518 818 1617 858 pro-

268 877 464 919 gressum
496 861 810 913 interturbent,
853 871 897 901 et
935 860 1161 902 Platonica
1201 861 1244 901 in
1277 861 1405 901 alium
1443 875 1619 902 sensum

268 920 569 972 detorqueant.
650 919 852 972 Denique
902 917 1030 958 etiam
1080 916 1196 957 aliud
1249 917 1400 958 vitium
1446 924 1620 981 notasse

269 991 356 1016 non
404 975 556 1015 inutile
610 975 712 1025 erit,
758 989 842 1028 quo
890 974 1130 1029 irgumenti
1172 980 1225 1014 tr
1224 981 1376 1014 rotatio
1421 973 1525 1014 mire
1555 973 1620 1014 in-

272 1032 407 1087 signis
445 1037 524 1072 est.
586 1031 758 1086 lteonat
788 1030 898 1071 (nim
931 1032 971 1070 in
1005 1046 1054 1071 ea
1085 1031 1213 1070 etiam
1234 1030 1466 1087 singularis
1490 1045 1620 1084 quae-

269 1088 367 1129 dam
399 1068 678 1152 obscuritan
692 1102 800 1142 quae
833 1086 982 1127 intelli
972 1087 1163 1142 rentiam
1195 1066 1423 1128 verborum
1448 1101 1498 1127 ac
1523 1101 1620 1128 sen-

269 1145 503 1186 tentiarum
534 1144 688 1186 miseie
720 1143 912 1198 impedit.
980 1145 1056 1185 Est
1087 1144 1200 1184 enim
1232 1144 1459 1185 verborum
1487 1143 1621 1199 siani-

270 1201 418 1243 ficatio
450 1216 537 1242 non
567 1201 628 1241 ita
660 1216 755 1241 raro
787 1201 973 1256 ambmu
965 1216 1002 1253 1,
1036 1206 1082 1241 ut
1113 1199 1164 1241 de
1197 1200 1373 1241 notione
1406 1199 1490 1241 illis
1520 1200 1622 1241 sub-

269 1259 381 1300 iecta
413 1257 596 1299 subinde
628 1256 800 1298 consilii
840 1258 993 1311 inopes
1033 1256 1297 1298 lia-exeamus.
1369 1255 1508 1299 Cuius
1549 1271 1623 1312 ge-

273 1316 387 1356 neris
419 1314 660 1369 exemplum
693 1314 875 1368 praebet
904 1313 1025 1354 locus
1056 1313 1143 1364 ille,
1177 1313 1229 1354 de
1261 1328 1346 1367 quo
1376 1314 1460 1354 iam
1493 1327 1625 1368 supra

272 1372 316 1412 in
346 1378 598 1412 transcursu
630 1370 900 1423 monuimus,
942 1370 1016 1411 ubi
1050 1385 1180 1424 quum
1223 1378 1376 1425 agatur
1406 1370 1459 1411 de
1490 1369 1623 1410 arith-

273 1428 452 1480 metica,
493 1433 635 1468 tamen
666 1427 927 1468 vocabulum
958 1428 1038 1468 τοῦ
1066 1425 1202 1480 λόγου
1235 1427 1439 1468 continuo
1471 1425 1525 1467 ad
1557 1442 1623 1467 ra-

274 1484 434 1525 tionem
479 1483 790 1538 designandam
832 1482 1082 1536 adhibetur,
1125 1483 1249 1537 quasi
1287 1483 1394 1524 illud
1435 1498 1520 1524 una
1554 1497 1624 1524 ea-

275 1540 459 1594 demque
491 1541 663 1581 ratione
696 1547 739 1581 et
770 1539 822 1580 de
854 1539 1125 1581 arithmetica
1157 1540 1480 1595 computatione
1504 1546 1547 1580 et
1571 1539 1624 1580 de

276 1604 417 1638 mente
452 1612 501 1638 ac
537 1597 702 1638 ratione
734 1597 933 1652 usurpari
965 1597 1253 1637 consueverit.
1319 1596 1487 1651 Nempe
1521 1597 1625 1637 scri-

275 1660 377 1708 ptor
409 1653 467 1694 ibi
500 1653 608 1694 duas
648 1653 850 1694 vocabuli
881 1652 1220 1708 significationes
1261 1653 1389 1708 longe
1421 1653 1626 1694 diversis-

275 1710 405 1751 simas
435 1709 562 1765 plane
595 1710 639 1750 in
669 1725 802 1750 uuum
834 1709 1033 1750 confudit
1071 1725 1151 1750 nec
1182 1710 1288 1750 satis
1322 1710 1434 1750 inter
1472 1723 1519 1750 se
1561 1709 1625 1750 di—

276 1766 442 1808 stinxit.
504 1767 639 1807 Porro
663 1767 789 1807 etiam
812 1767 1039 1807 verborum
1062 1765 1471 1821 comprehensiones
1495 1780 1625 1820 saepe

277 1823 454 1866 scabrae
486 1829 609 1875 sunt,
654 1822 822 1864 hiulcae
866 1829 909 1863 et
948 1822 1201 1878 perplexae,
1241 1830 1286 1863 ut
1327 1829 1370 1863 et
1409 1823 1529 1878 ipsae
1563 1825 1627 1862 in·-

277 1879 503 1934 telligendi
537 1879 735 1920 facilitati
765 1880 944 1920 multum
978 1879 1185 1922 officiant
1263 1879 1439 1934 Quippe
1479 1878 1626 1920 foed-1-

279 1944 369 1978 tum
403 1950 507 1977 sane
540 1937 772 1977 etiamnum
807 1936 1063 1992 opusculum
1095 1943 1160 1977 est
1192 1951 1279 1976 uon
1321 1935 1469 1991 paucis
1511 1935 1627 1976 ulce-

277 1993 423 2046 ribus,
472 2008 582 2047 quae
615 1993 861 2034 criticorum
894 1992 1150 2034 medicinam
1182 1998 1433 2047 exspectant
1463 2016 1516 2022 —-
1546 1993 1628 2033 cir-

280 2050 581 2091 cumferuntur
613 2051 724 2090 enim
759 2048 900 2090 adhuc
941 2049 984 2090 in
1015 2065 1065 2091 eo
1098 2049 1181 2089 loci
1214 2049 1299 2089 fere
1339 2047 1478 2102 quadr
1481 2049 1630 2105 winta

278 2106 377 2161 plus
420 2106 613 2147 minusve
654 2105 796 2146 affecti
839 2106 978 2155 vitiis3
1031 2104 1107 2147 sed
1158 2114 1329 2160 prieter
1375 2104 1482 2146 haec
1507 2084 1629 2145 vitia

279 2162 478 2204 scabram
512 2169 554 2204 et
584 2176 778 2217 aspeiam
814 2163 1054 2203 mationem
1095 2161 1234 2202 reddit
1273 2161 1481 2215 imprimis
1514 2160 1628 2201 disfi-

279 2219 373 2261 cilis
417 2233 467 2260 ac
505 2224 705 2260 tortuosa
744 2218 1020 2272 periodorum
1068 2224 1308 2270 structura,
1350 2217 1440 2259 sive
1470 2217 1544 2258 illa
1575 2233 1628 2259 ex

279 2275 443 2317 infelici
475 2275 683 2317 orationis
714 2275 757 2315 in
791 2274 984 2331 Legibus
1015 2274 1209 2315 Platonis
1243 2273 1504 2316 dominantis
1535 2274 1628 2314 imi-

282 2332 445 2373 tatione
476 2332 606 2373 traxit
637 2331 872 2387 originem,
917 2332 1008 2373 sive
1051 2331 1247 2385 profecta
1285 2337 1352 2371 est
1382 2331 1434 2372 ab
1468 2331 1628 2387 ingenii

281 2388 470 2442 quadam
501 2387 719 2441 tarditate,
753 2388 875 2429 euius
907 2401 1009 2429 sane
1041 2387 1141 2428 item
1175 2387 1361 2442 vestigia
1391 2387 1432 2428 in
1464 2387 1628 2442 Epino-

281 2444 395 2485 mide
431 2460 636 2499 expressa
668 2452 914 2486 cernuntur.
987 2442 1072 2485 Sed
1106 2443 1305 2485 nolumus
1346 2443 1473 2485 etiam
1506 2443 1630 2498 plura

281 2500 326 2542 id
356 2516 495 2556 «renus
528 2508 677 2543 notare
708 2501 826 2544 vitia.
885 2499 1002 2543 Satis
1036 2500 1144 2540 enim
1180 2500 1245 2541 vel
1277 2516 1349 2552 (a,
1384 2516 1494 2565 quae
1528 2500 1628 2541 lme-

280 2563 408 2598 tenus
440 2557 814 2613 ‹onsi‹rnavim11s,
846 2572 896 2598 eo
928 2556 1157 2608 valebunt,
1200 2564 1245 2597 ut
1277 2572 1403 2611 quam
1433 2557 1546 2598 iners
1573 2557 1631 2598 sit

280 2613 324 2654 in
357 2612 439 2654 hoc
469 2603 580 2656 libro
609 2614 748 2656 omnis
779 2613 1020 2656 disserendi
1052 2612 1312 2667 dittndique
1346 2613 1453 2655 ratio
1480 2627 1628 2668 quam—

285 2684 369 2724 que
402 2668 586 2712 Platone
618 2669 821 2726 indigna,
871 2670 1070 2711 omnibus
1109 2678 1329 2725 a·ppa1‹at.
1397 2669 1552 2710 Enimx
1557 2684 1628 2710 ero
