1781 2971
328 146 408 185 100

823 140 1236 182 ἼΡΙΛΑἚΟΝΙΞ·

326 258 570 313 γεννήτορά
611 274 653 299 τε
692 256 845 305 αὐτοῖς
882 261 953 299 καὶ
990 259 1217 312 ἑστιοῦχον
1268 260 1339 298 καὶ
1387 257 1674 311 θεραπευτὴν

326 324 460 368 ὁσίων
495 341 539 366 τε
585 326 657 365 καὶ
703 324 831 378 ἱερῶν
875 323 940 365 ἐπ’

996 323 1199 377 ἀμείνοσι
1246 324 1396 378 τύχαις
1439 328 1676 377 γίγνεσθαι

328 393 405 434 τοῦ
445 387 637 445 πατρός,
685 388 826 442 τούτῳ
875 391 934 442 τῷ
975 388 1124 444 τρόπῳ
1178 390 1492 444 ἐπευξαμένους
1534 390 1675 434 αὐτὸν

252 459 283 497 Β
323 455 602 511 κληρονόμον
640 456 913 505 καταστῆσαι
950 454 1063 497 κατὰ
1100 455 1254 510 νόμον,
1291 455 1371 498 τὸν
1407 456 1446 498 δ’
1488 458 1675 513 ἐξαμαρ-

327 523 464 566 τόντα
508 521 746 577 ἀνώνυμον
792 523 870 564 ἐᾶν
915 526 986 563 καὶ
1036 520 1208 564 ἄπαιδα
1256 529 1327 565 καὶ
1365 520 1554 578 ἄμοιρον
1592 532 1676 567 κεῖ-

325 593 455 640 σθαι,
487 588 662 632 ὁπόταν
691 586 832 631 αὐτόν
863 586 1172 642 καταλάβωσιν
1200 593 1247 630 αἱ
1277 592 1481 632 τοιαῦται
1510 590 1677 649 ξυμφο-

326 661 414 711 ραί.

485 654 596 715 Cap.
636 653 742 698 XV.
768 654 890 697 ’Ἐστι
928 656 971 696 δὲ
1010 655 1060 698 οὐ
1099 654 1301 705 πάντων,
1337 654 1394 705 ὡς
1422 660 1550 710 ἔοικε,
1588 659 1676 699 τῶν

326 721 468 766 ὄντων
508 720 612 778 ὅρος
637 721 727 776 ὅρῳ
764 719 1053 777 προςμιγνύς,
1089 721 1188 764 ἀλλ’
1225 720 1290 771 οἷς
1315 727 1404 765 ’ἐστι
1437 722 1676 780 μεθόριον,

328 792 465 833 τοῦτο
502 796 547 831 ἐν
581 794 696 844 μὲσω
735 786 850 842 ὅρων
896 788 1115 845 πρότερον
1162 792 1348 843 ἑκατέρῳ
1397 789 1676 845 προςβάλλον

327 857 510 910 γίγνοιτ’

561 854 619 898 ἀν
663 854 835 912 ἀμφοῖν
873 855 1059 932 μεταξύ.

1110 873 1179 897 και
1219 855 1271 906 δη
1310 860 1382 898 καὶ
1418 858 1507 898 τῶν
1542 856 1678 899 ἀκου-

328 926 432 965 σίων
480 924 523 965 τε
569 940 642 964 και
689 926 898 964 ἑκουσίων
949 919 996 964 τὸ
1038 923 1170 975 θυμῷ
1217 923 1475 977 γιγνόμενον
1509 926 1678 998 ἔφαμεν

328 1005 536 1032 rolovtov
574 1005 704 1032 δίναι-

761 988 1027 1043 τραυμάτων
1067 1005 1147 1031 ουν
1183 989 1430 1031 ἐνεστώτων
1465 979 1574 1049 ὸργῃ
1611 1006 1678 1040 γε·

245 1059 279 1097 ί
326 1060 522 1110 νομένων
558 1054 636 1097 ἐὰν
668 1052 784 1114 ὄφλῃ
821 1072 906 1103 τις,
953 1056 1129 1108 πρῶτον
1164 1058 1245 1109 μὲν
1287 1058 1416 1098 τίνειν
1453 1058 1531 1099 τοῦ
1568 1054 1678 1110 βλά-

325 1125 432 1177 βους
468 1123 548 1174 τὴν
586 1124 847 1171 διπλασίαν,
894 1121 951 1163 ἂν
996 1120 1046 1164 τὸ
1085 1123 1260 1177 τραῦμα
1298 1122 1478 1178 ἰάσιμον
1514 1122 1677 1183 ἀποβῇ,

326 1191 414 1232 τῶν
451 1192 494 1232 δὲ
531 1188 728 1232 ἀνιάτων
768 1186 850 1240 τὴν
888 1191 1235 1243 τετραπλασίαν·

1288 1187 1366 1232 ἐὰν
1411 1191 1456 1231 δὲ
1500 1189 1679 1245 ἰάσιμον

326 1263 425 1310 μέν,
467 1255 681 1311 αἰσχύνην
727 1258 770 1298 δὲ
809 1255 1004 1309 μεγάλην
1042 1253 1140 1297 τινὰ
1181 1255 1434 1315 προςβάλλῃ
1474 1257 1533 1310 τῷ
1571 1274 1678 1311 τρω-

329 1325 459 1366 θέντι
496 1326 567 1365 καὶ
613 1325 933 1369 ἐπονείδιστον,

983 1320 1062 1372 τὴν
1108 1324 1436 1375 τετραπλασίαν
1483 1326 1678 1366 ἐκτίνειν.

328 1388 411 1434 ὅσα
448 1392 491 1432 δὲ
529 1406 590 1439 τις
630 1388 800 1445 τρώσας
847 1389 946 1430 τινά
986 1389 1045 1441 μὴ
1081 1387 1225 1442 μόνον
1272 1388 1449 1448 βλάπτῃ
1488 1388 1564 1432 τὸν
1595 1407 1676 1432 πα-

423 1564 460 1596 Ρ.
488 1564 567 1598 878.
595 1564 634 1595 Β.

686 1562 904 1596 ἀκουσίων
931 1575 970 1596 τε
998 1565 1062 1596 καὶ
1088 1564 1331 1606 ἑκουσίων]
1359 1565 1418 1598 Sic
1447 1568 1488 1598 Α.
1518 1565 1555 1598 Ω.
1585 1567 1617 1598 h.
1647 1578 1673 1598 r.

330 1608 357 1640 δ.
392 1610 506 1651 Vulgo
535 1609 707 1641 ἑκουσίων
735 1622 766 1642 τε
792 1611 845 1641 καὶ
870 1608 1056 1647 ἀκουσίων,
1083 1612 1177 1652 quod
1193 1613 1348 1643 servavit
1362 1614 1465 1644 etiam
1479 1613 1675 1646 Bekkerus.

420 1656 590 1695 ἔφαμεν
615 1653 729 1688 εἶναι
757 1657 990 1697 τοιοῦτον]
1021 1657 1135 1697 Vulgo
1165 1658 1324 1689 τοιοῦτον
1348 1653 1443 1690 εἶναι.

1472 1657 1475 1659 ’
1494 1659 1562 1691 Sed
1590 1655 1675 1690 εἶναι

333 1702 492 1732 τοιοῦτον
517 1703 561 1733 A.
590 1708 624 1734 et
651 1708 795 1735 auctore
821 1703 984 1735 Bekkero
1011 1713 1100 1734 corr.
1133 1701 1169 1734 Ω.
1202 1704 1293 1735 Dein
1322 1714 1384 1744 pro
1411 1703 1604 1736 ἐνεστώτων
1631 1706 1675 1736 A.

331 1752 363 1778 et
394 1758 445 1789 pr.
475 1746 513 1779 Ω.
541 1747 626 1779 ἔστω
653 1750 729 1780 τῶν.

421 1792 462 1825 C.
510 1793 561 1835 μὴ
586 1792 720 1832 μόνον
746 1793 932 1835 βλάπτῃ]
964 1792 1102 1833 βλάπτει
1129 1796 1161 1825 h.
1189 1805 1215 1826 r.
1245 1794 1274 1826 δ.
1302 1802 1335 1827 et
1361 1806 1427 1829 rec.
1458 1794 1496 1827 Ω.
1522 1806 1553 1828 a.

328 1934 483 1970 peraret3
519 1931 553 1961 in
586 1929 732 1970 reliquis
755 1934 871 1961 tamen
897 1939 967 1962 ma-

329 1975 459 2008 nifesto
511 1985 711 2007 communes
758 1976 966 2007 succedendi

330 2022 424 2063 leges
451 2027 531 2053 ante
555 2022 676 2054 oculos
704 2022 868 2053 habuit“.

400 2088 475 2130 Cap
518 2089 601 2121 XV.
652 2089 680 2120 B
743 2086 845 2129 ὅρος
881 2087 965 2132 ὅρῳ

331 2133 622 2176 προςμιγνύς]
680 2135 784 2166 finis
834 2134 966 2167 finem

331 2181 605 2222 contingens.
666 2180 720 2212 De
757 2191 788 2213 v.
826 2190 965 2221 προςμι-

331 2224 452 2267 γνύναι
477 2228 569 2261 conf.
595 2237 675 2258 ann.
701 2226 746 2258 ad
774 2226 910 2261 Politia.
933 2237 965 2268 p.

329 2272 409 2307 290.
439 2272 478 2306 C.
503 2292 546 2296 —
573 2269 658 2304 ἀλλ’
691 2269 758 2304 οἷς
788 2273 875 2304 ἔστι
906 2283 965 2312 με·

329 2316 506 2359 θ’όριον,
543 2330 571 2351 κ.
599 2330 625 2350 τ.
655 2319 679 2349 λ.
712 2319 786 2350 sed
817 2319 850 2352 si
879 2320 966 2360 qui-

330 2365 407 2396 bus
453 2365 733 2397 interiectum
780 2365 966 2397 consini-

330 2421 393 2442 um
419 2415 501 2454 est,
539 2411 618 2442 hoc
647 2411 691 2442 in
725 2411 860 2443 medio
887 2416 967 2442 ter-

331 2457 541 2489 minorum
561 2458 736 2499 utrique
758 2457 967 2489 accedens

330 2503 447 2533 inter
491 2507 676 2545 utraque
726 2504 813 2535 erit
854 2505 966 2545 posi-

330 2552 425 2579 tum.

389 2615 637 2657 τραυμάτων
673 2611 751 2648 οὖν
793 2616 968 2649 ἐνεστώ-

332 2672 412 2692 των
437 2657 547 2704 ὀργῇ
563 2661 656 2704 γεν.]
679 2663 757 2696 Hoc
775 2661 969 2696 ἐνεστώτων

331 2708 483 2741 Astius
515 2709 766 2750 interpretatur
791 2710 965 2751 προκειμέ-

1037 1941 1123 1963 νωνε
1162 1930 1345 1961 vulnera
1371 1931 1509 1971 igitur
1534 1940 1583 1962 ex
1612 1932 1676 1963 ira

1037 1976 1213 2007 inflicta
1252 1977 1288 2007 si
1332 1977 1494 2008 adsunt
1537 1987 1565 2008 s.
1609 1987 1675 2008 ex-

1036 2026 1139 2058 tant,
1160 2022 1203 2052 in
1229 2022 1589 2063 disquisitionem
1612 2033 1673 2054 ve-

1038 2068 1171 2099 niunt.
1233 2068 1380 2100 Videtur
1407 2075 1520 2100 tamen
1546 2070 1581 2100 in
1606 2070 1674 2101 isto

1036 2111 1229 2147 ἐνεσιτέτων
1247 2114 1354 2145 latere
1374 2115 1496 2145 vitium
1515 2115 1674 2155 aliquod,

1036 2160 1131 2200 quod
1157 2159 1258 2199 quale
1285 2161 1342 2198 sit,
1369 2161 1470 2192 nobis
1496 2171 1566 2192 non
1591 2171 1674 2192 con-

1036 2206 1116 2245 tigit
1148 2205 1276 2236 certius
1312 2206 1510 2246 explorare.
1570 2207 1674 2238 Her-

1036 2261 1126 2282 man
1138 2261 1212 2282 nus
1246 2251 1340 2282 Pras.
1368 2253 1412 2284 ad
1441 2252 1532 2285 Plat.
1558 2253 1673 2285 Teub-

1035 2307 1106 2328 ner.
1136 2297 1216 2328 Vol.
1245 2297 1305 2328 VI.
1331 2307 1362 2338 p.
1384 2298 1601 2333 XXXVIII.
1627 2299 1674 2332 le-

1036 2343 1186 2383 gendum
1207 2348 1323 2384 putat:
1352 2342 1550 2385 τραυμάτων
1575 2341 1597 2384 ἤ
1612 2356 1673 2386 πη-

1036 2386 1191 2429 ρώσεων,
1218 2390 1346 2420 collato
1373 2391 1449 2422 loco
1480 2401 1512 2432 p.
1538 2390 1616 2425 874.
1632 2391 1673 2425 E.

1036 2453 1079 2459 —
1125 2434 1338 2476 αἰσχύνην
1385 2435 1429 2467 δὲ
1475 2434 1673 2478 μεγάλην,

1040 2481 1210 2513 formae
1237 2482 1582 2523 turpitudinem,
1607 2484 1673 2516 de-

1040 2528 1324 2559 formitatem.

1086 2571 1161 2614 τὴν
1200 2574 1524 2615 τετραπλασίαν
1567 2572 1670 2605 ἐκτί-

1039 2618 1153 2660 νειν]
1210 2620 1278 2651 Hic
1313 2620 1464 2653 fortasse
1503 2629 1546 2651 ex
1583 2621 1672 2652 coni.

1038 2664 1161 2697 Oreliii
1177 2667 1415 2707 reponendum
1437 2671 1487 2698 est
1505 2666 1671 2707 τριπλασί-

1036 2722 1089 2743 αν.
1107 2721 1144 2743 re
1164 2721 1203 2743 av
1221 2713 1394 2745 sententia
1419 2713 1493 2753 ipsa
1521 2713 1672 2745 iubente.
