1781 2971
257 585 293 625 C·

327 136 408 177 320
813 131 1201 177 PLATONIS

327 249 524 293 ἀπώλεσε
573 254 680 304 μέρη
727 247 884 293 πολλοί.
929 244 990 292 ὧν
1025 251 1077 302 δὴ
1121 249 1253 305 χάριν
1298 253 1344 292 ἐν
1378 251 1458 304 μὲν
1488 250 1588 306 ἱερῷ
1627 247 1676 292 τὸ

328 316 544 372 παράπαν
578 318 727 370 μηὸεις
766 317 970 360 τοιοῦτον
1005 319 1257 374 φθέγξηται
1293 319 1506 369 μηδέποτε
1541 318 1678 370 μηδὲν

326 383 428 437 μηδ’
470 388 516 425 ἔν
554 398 642 424 τισι
679 384 929 435 δημοτελέσι
965 386 1169 434 θυσίαις.
1203 382 1298 437 μηδ’
1339 376 1397 425 αὖ
1427 388 1473 425 ὲν
1508 379 1678 431 ἄθλοις

325 449 428 505 μηδ’
471 455 516 492 ἐν
551 448 698 504 ἀγορᾷ
732 448 841 503 μηδ”
878 453 924 492 ἐν
963 452 1225 504 δικαστηρίῳ
1262 450 1363 504 μηδ’
1401 453 1448 491 ἐν
1483 448 1676 504 ξυλλόγῳ

327 518 458 570 κοινῷ
495 519 668 571 μηδενί·
704 518 917 568 κολαζέτω
955 519 1000 559 δὲ
1037 516 1069 560 o*
1099 516 1267 560 τούτων
1303 515 1450 572 ἄρχων
1491 520 1677 559 ἕκαστον

325 584 492 633 ἁνατεί,
532 581 555 636 ἢ
589 582 799 636 μηδέποτ’
842 582 1072 640 ἀριστείων
1111 589 1205 637 πέρι
1255 582 1557 642 ᾳιλονεικήσῃ,
1603 581 1677 625 νό-

325 668 417 705 μων
454 649 511 700 ὡς
547 649 598 694 οὐ
649 649 892 703 κηδόμενος
928 650 1030 693 οὐδὲ
1067 653 1206 694 ποιῶν
1243 649 1295 692 τὰ
1335 652 1676 705 προςταχθέντα

325 716 412 760 ὑπὸ
462 719 542 761 τοῦ
588 719 861 772 νομοθέτου.
908 715 987 760 ὲιὲν
1036 720 1079 761 δὲ
1129 735 1193 766 τις
1229 723 1274 759 ἐν
1320 714 1473 766 ἄλλοις
1522 713 1679 766 τόποις

326 787 550 839 λοιδορίας
584 781 732 839 ἄρχων
770 780 795 835 ἢ
831 782 1113 839 ἀμυνόμενος
1149 783 1349 834 ὁςτιςοῦν
1375 783 1436 838 μὴ
1462 782 1677 838 ἀπέχηται

328 853 414 893 τῶν
450 849 666 894 τοιούτων
716 848 879 905 λόγων,
929 849 951 894 ὁ
999 850 1340 907 προςτυγχάνων
1385 849 1678 905 πρεσβύτερος
1737 851 1742 860 “

325 916 387 960 ὧν
422 919 482 972 τῷ
520 917 642 972 νόμῳ
678 917 892 970 ἀμυνέτω,
928 920 1113 972 πληγαῖς
1148 918 1345 972 ἐξείργων
1386 915 1491 966 τοὺς
1527 918 1677 972 θυμῷ,
1733 938 1736 941 ·

326 988 455 1041 ἑτέρῳ
485 985 618 1039 κακῷ,
655 986 1110 1042 φιλοφρονουμένους,
1149 983 1175 1036 ἢ
1212 986 1425 1039 ἐνεχέσθω
1464 984 1515 1043 τῇ
1551 999 1677 1026 τετα-

421 1137 465 1170 τὸ
494 1136 691 1180 παράπαν
717 1137 862 1180 μηδεὶς
889 1139 933 1182 τ.]
962 1138 1021 1171 Sic
1047 1140 1090 1170 A.
1124 1136 1160 1170 Ω.
1188 1150 1217 1172 v.
1246 1139 1268 1169 f.
1294 1149 1321 1170 r.
1350 1148 1380 1170 a
1406 1150 1434 1171 c.
1450 1136 1478 1170 δ.
1499 1149 1528 1170 ο.
1556 1139 1674 1181 Vulgo

328 1181 456 1216 ουδειᾏς

419 1231 601 1262 ἕκαστον
627 1226 791 1270 cit-atet]
827 1229 897 1260 Pro
930 1229 1075 1260 ἕκαστον
1104 1226 1142 1260 Ω.
1167 1240 1197 1260 v.
1224 1239 1250 1260 r.
1277 1227 1428 1261 ἕκαστος.
1461 1230 1554 1262 Dein
1579 1242 1675 1262 avan

327 1287 416 1310 corr.
454 1274 492 1308 Ω.
527 1287 556 1308 a.
591 1280 624 1307 et
655 1277 678 1307 f.
708 1286 740 1309 o.
767 1285 800 1307 x.
835 1276 888 1307 Dc
923 1275 1027 1307 codd.
1058 1277 1102 1309 A.
1135 1279 1168 1306 et
1206 1271 1243 1306 Ω.
1274 1275 1386 1308 falsus
1417 1276 1556 1308 videtur
1597 1287 1674 1309 esse

327 1323 531 1361 Bekkerus,
568 1323 625 1362 qui
654 1322 794 1362 scripsit
819 1322 863 1352 ad
899 1317 1014 1352 ἀνατεί
1043 1323 1141 1362 „ipsi
1170 1322 1261 1352 enim
1287 1323 1330 1355 A.
1362 1319 1400 1353 Ω.
1427 1325 1526 1354 om.“
1583 1323 1674 1355 Nam

326 1369 467 1401 Bastius
494 1369 634 1410 quidem
662 1369 872 1399 Vaticanum
898 1368 944 1399 Ω.
973 1375 1110 1401 nai-rat
1117 1369 1149 1398 in
1167 1372 1336 1399 contextu
1352 1367 1543 1401 exhibere
1531 1368 1674 1400 ἕκαστος

323 1412 437 1447 dvala*
462 1414 736 1469 superscripto‘
729 1413 871 1445 κασιον
897 1418 929 1444 et
955 1410 1234 1454 d1a11.1taq11e
1257 1415 1382 1445 mirum
1408 1415 1548 1455 accidit,
1577 1417 1671 1457 qnod

325 1462 531 1494 Schneider
558 1461 668 1492 eiecto
697 1455 810 1491 ἀνατεὶ
836 1460 946 1492 edidit
973 1459 1146 1497 ἕκαστος,
1173 1457 1193 1501 ἢ
1217 1457 1386 1501 μηδέποτε
1412 1471 1441 1492 κ.
1469 1471 1494 1498 t,
1520 1462 1548 1493 λ.

1033 1582 1154 1610 suae,
1183 1572 1316 1604 alteri
1340 1574 1468 1612 maio,
1494 1573 1671 1614 gratifi-

1033 1619 1127 1649 cari
1155 1619 1376 1658 studeant,
1408 1619 1431 1656 i,
1457 1629 1489 1650 e.
1513 1619 1671 1660 induige-

1032 1669 1101 1696 ant.
1151 1663 1285 1705 Nempe
1301 1666 1448 1695 aiterum
1465 1666 1593 1696 malum
1611 1675 1672 1697 vo-

1032 1715 1128 1741 catur
1154 1711 1355 1749 iracundia,
1390 1715 1579 1751 quatenus,
1612 1712 1672 1752 qui

369 1573 410 1604 Β.
463 1569 482 1603 ὅ
519 1581 578 1604 τις
611 1570 878 1612 ἐθιζόμενος
903 1572 962 1612 -]

323 1620 393 1651 cui
420 1620 481 1650 rei
507 1618 807 1650 adsuefactus
841 1627 963 1648 nemo

323 1666 556 1706 quisquam
581 1674 765 1704 unquam
791 1668 964 1695 nonant

323 1722 343 1743 a
383 1711 559 1742 severis
597 1710 792 1741 moribus
832 1710 962 1740 omni-

324 1767 376 1788 uo
404 1757 571 1788 defecit
589 1761 659 1787 aut
680 1755 961 1796 magnanimi-

322 1804 437 1834 tatis
469 1803 631 1833 multas
652 1807 798 1842 partes
822 1801 961 1842 perdi-

318 1850 392 1880 dit.
449 1848 541 1879 inest
573 1849 608 1878 in
641 1848 694 1879 his
726 1847 958 1888 hyperbaton.

320 1895 482 1926 Debebat
505 1895 596 1925 enim
613 1894 735 1925 scribi:
765 1891 804 1924 ὃς
823 1889 866 1924 οὐ
886 1890 961 1934 ἤτοι

321 1943 381 1971 τοῦ
403 1938 597 1971 σπουδαίου
629 1937 762 1980 τρόπου
789 1937 824 1970 τὸ
853 1936 960 1980 παρά-

321 1997 387 2018 παν
413 1983 594 2027 διήμαρτεν
621 1983 641 2026 ἢ
665 1985 777 2027 μεγαλ.
808 1997 835 2016 κ.
865 1996 890 2018 τ.
911 1985 936 2016 λ.

364 2029 458 2073 μηδ’
502 2032 545 2063 ἔν
581 2042 668 2063 τισι
710 2030 959 2073 δημοτελέσι

320 2078 522 2120 θυσίαις]
572 2079 627 2109 De
651 2088 726 2109 voc.
759 2076 959 2119 δημοτελεῖς,

319 2124 547 2166 publicae,
593 2124 775 2164 publico
821 2128 961 2154 sumtu

319 2171 480 2209 factae,
524 2181 554 2201 v.
591 2174 729 2210 praeter
764 2169 880 2210 Intpp.
917 2169 959 2200 ad

320 2217 530 2258 Harpocrat.
560 2216 710 2256 Hesych.
729 2214 826 2247 Suid.
849 2215 961 2255 Wyt·

320 2263 602 2294 tenbachium
627 2262 671 2293 ad
690 2261 866 2293 Plutarch.
883 2261 960 2292 Mo-

320 2309 382 2340 rai.
410 2319 443 2350 p.
471 2309 524 2342 77.
553 2308 594 2338 E.
613 2319 652 2338 ς
670 2308 753 2338 Vol.
778 2307 805 2338 Ι.
835 2317 866 2348 p.
882 2305 962 2340 453.

320 2355 374 2385 cd.
413 2355 510 2395 Lips.
545 2355 659 2386 Etiam
693 2353 858 2386 Solonem
891 2354 961 2384 ius-

319 2401 407 2432 sisse
434 2401 603 2432 conviciis
628 2401 815 2435 abstineri,
841 2400 960 2440 impri-

319 2447 382 2477 mis
408 2447 495 2478 loeis
521 2448 630 2478 sacris
656 2451 689 2477 et
715 2447 874 2487 publicis.
900 2455 959 2477 au-

318 2497 394 2523 ctor
425 2500 477 2524 cst
511 2493 731 2524 Plutarch.
767 2491 887 2524 Solon.
931 2501 958 2522 c.

317 2538 372 2570 21.
400 2539 492 2571 conf.
525 2539 653 2570 Petit.
682 2538 790 2579 chg.
818 2540 892 2569 Ait.
925 2547 958 2578 p.

316 2582 395 2617 535.

366 2629 404 2662 B.
433 2629 616 2670 πληγαῖς
637 2629 837 2671 ἐξείργων
863 2627 961 2661 τοὺς

320 2674 442 2717 θυμῷ
468 2675 527 2716 -]
556 2676 818 2709 verberibus
844 2675 958 2708 coer-

321 2731 420 2753 cens
461 2731 548 2760 eos,
587 2724 657 2762 qui
701 2722 959 2756 iracundiae

1031 1756 1226 1787 maledictis
1272 1757 1447 1788 abstinere
1485 1762 1672 1798 coguntur,

1030 1802 1133 1832 facilc
1175 1802 1357 1842 indulgent
1396 1803 1523 1834 tacitae
1565 1805 1670 1835 animi

1030 1849 1082 1879 sui
1110 1849 1305 1890 cupiditati,
1322 1857 1388 1889 qua
1407 1849 1458 1880 vel
1479 1849 1573 1885 dims
1591 1850 1671 1882 aliis

1028 1895 1262 1934 imprecentur
1301 1895 1355 1926 vel
1391 1904 1527 1926 sumere
1558 1896 1672 1927 vindi-

1029 1945 1119 1971 ctam
1152 1941 1194 1972 ab
1232 1941 1276 1971 iis
1313 1941 1478 1972 studeant
1513 1942 1672 1984 adeoque

1031 1995 1051 2017 a
1076 1987 1192 2018 verbis
1218 1987 1260 2017 ad
1280 1987 1422 2018 verbera
1440 1989 1670 2028 progredian-

1029 2037 1084 2062 tur
1143 2031 1317 2069 Quocirca
1341 2034 1529 2065 infeliciter
1554 2035 1669 2065 Asti-

1029 2088 1075 2108 us
1104 2088 1180 2109 cum
1202 2077 1429 2120 Stephano
1455 2079 1556 2135 ἑτέρῳ
1578 2080 1670 2122 κακῷ

1029 2125 1279 2164 interpretatur
1304 2135 1365 2166 pei·
1391 2121 1439 2156 δι’
1464 2124 1584 2167 ἑτέρου
1609 2136 1667 2157 κα-

1030 2169 1096 2200 κοῦ
1129 2180 1174 2201 sc.
1223 2168 1276 2201 διὰ
1309 2169 1500 2211 λοιδοριᾞας
1541 2182 1668 2214 quum

1028 2216 1124 2246 irae
1151 2216 1376 2248 conviciis
1403 2218 1530 2249 etiam
1555 2219 1669 2251 mala
1726 2228 1746 2248 -²

1029 2262 1163 2292 verba
1189 2263 1427 2294 adduntur.
1468 2263 1668 2302 Quainter-

1029 2308 1237 2348 pretatiouis
1264 2311 1493 2348 perversitate
1517 2312 1552 2343 in
1574 2311 1669 2344 frau-

1030 2355 1106 2384 dem
1143 2353 1308 2386 inductus
1352 2355 1667 2390 Winckeiman-

1028 2409 1105 2430 nus
1140 2400 1326 2440 legendum
1361 2404 1528 2435 coniecit:
1564 2403 1669 2448 θυμῷ

1029 2442 1140 2485 ὥςπερ
1176 2444 1290 2488 &issum
1330 2459 1434 2490 κακῳ.
1505 2439 1669 2483 Cetel'hm

1031 2492 1329 2532 φιλυφροιεισθαι
1359 2506 1421 2526 ιιιι
1452 2495 1472 2525 i
1508 2506 1540 2537 q.
1574 2499 1667 2539 χαρι-

1027 2537 1160 2579 ζεσθαι.

1076 2580 1129 2615 os
1155 2580 1173 2614 ὁ
1213 2583 1464 2626 λοιδορίαις
1493 2589 1666 2626 συμπλε-
1712 2575 1754 2605 ··’

1031 2628 1242 2673 κάμενος]
1270 2631 1348 2663 Hoc
1363 2631 1464 2664 dicit:
1491 2633 1577 2665 Iam
1603 2645 1668 2667 vc·

1028 2686 1073 2707 ro
1099 2686 1340 2717 censemus,
1367 2687 1476 2719 enm,
1502 2681 1572 2721 qui
1599 2681 1667 2712 im—

1029 2723 1226 2763 plicetur
1252 2728 1450 2765 tanquam
1485 2726 1596 2759 rixis
1629 2732 1667 2759 et
