1781 2971
279 170 362 212 386
782 164 1154 206 PLATONIS

283 289 499 340 νομίμους
539 280 677 332 θεοὺς
713 275 739 333 ἦ
777 280 866 337 μην
902 283 1084 333 ἐλπίζειν
1121 279 1339 334 εὑρήσειν,
1390 278 1504 323 οὕτω
1543 296 1631 338 (ρω-

283 365 391 408 ραν·
430 349 452 392 ὁ
491 352 535 392 δὲ
574 352 790 406 παρεχέτω
828 347 909 400 τὴν
955 351 1118 397 οὶκίαν,
1157 347 1208 389 τά
1251 364 1292 390 τε
1331 351 1634 401 σεσημασμένα

283 420 357 461 καὶ
393 416 447 459 τὰ
485 415 746 471 ἀσήμαντα,
793 417 963 471 φωρᾶν.
1011 412 1090 456 ἐὰν
1129 416 1172 457 δέ
1209 430 1269 464 τις
1303 416 1487 468 ἐρευνᾶν
1530 415 1634 467 βου·

282 487 448 539 λομένῳ
486 484 645 540 φωρᾶν
677 479 736 535 μὴ
783 483 908 535 διδῷ,
952 481 1215 532 δικάζεσθαι
1254 483 1334 535 μὲν
1372 479 1450 523 τὸν
1486 479 1636 533 ἀπειρ-

289 548 477 606 γόμενον
512 549 808 603 τιμησάμενον
840 546 887 590 τὸ
925 546 1229 602 ἐρευνώμενον,
1266 545 1323 589 ἄν
1348 549 1390 588 δὲ
1419 563 1482 595 τις
1508 543 1637 604 ὄφλῃ,

287 617 370 669 τὴν
405 618 643 659 διπλασίαν
677 616 752 657 τοῦ
791 616 1062 668 τιμηθέντος
1095 615 1269 668 βλάβην
1312 617 1505 656 ἐκτίνειν.
1559 611 1639 654 ἐὰν

289 686 334 726 δὲ
370 681 614 735 ἀποδημῶν
649 685 789 730 οὶκίας
825 679 1038 731 δεσπότης
1076 681 1288 739 τυγχάνῃ,
1326 679 1380 722 τὰ
1417 682 1496 734 μὲν
1530 676 1640 729 α’σή·

285 766 436 804 μαντα
481 746 767 803 παρεχόντων
816 750 856 790 οἱ
903 748 1178 796 ἐνοικοῦντες
1226 748 1434 801 ἐρευνᾶν,
1493 745 1545 787 τά
1595 747 1638 786 δὲ

286 818 592 870 σεσημασμένα
630 813 1036 867 παρασημηνάσθω
1074 814 1145 854 καὶ
1180 811 1232 854 ὃν
1283 810 1340 854 ἂν
1384 815 1518 872 ἐθέλῃ
1558 809 1642 869 ‹yzi-

287 885 400 925 λακα
447 881 767 932 καταστησάτω
813 886 937 923 πέντε
981 879 1142 934 ἡμερας
1189 878 1211 922 ὸ
1250 882 1435 936 ([ωριῦν·
1481 878 1559 920 ἐάν
1596 879 1640 920 δὲ

289 951 468 991 πλείονα
511 946 676 1002 χρόνον
719 945 834 1006 ἀπῇ,
892 946 995 995 τοὺς
1040 943 1318 998 ἀστυνόμους
1367 942 1642 1000 παραλαβών

296 1013 411 1059 οὕτω
449 1013 665 1073 φωράτω,
714 1013 829 1055 λύων
866 1015 937 1055 καὶ
974 1010 1027 1053 τά
1068 1017 1396 1066 σεσημασμένα,
1433 1011 1566 1053 πάλιν
1599 1012 1643 1053 δὲ

292 1079 402 1137 μετὰ
451 1081 539 1122 τῶν
586 1082 755 1122 οἰκείων
800 1083 871 1121 καὶ
912 1080 996 1120 τῶν
1045 1077 1310 1133 ἀστυνόμων
1347 1076 1460 1121 κατὰ
1498 1075 1641 1120 ταύτὰ

292 1146 587 1201 σημηνάσθω.
666 1147 764 1187 Τῶν
799 1144 1397 1203 άμφιςβητησιζιιωνχρόνον
1434 1143 1555 1199 ὅρος,
1592 1142 1645 1187 ὃν

292 1215 372 1257 ἐάν
417 1231 482 1263 τις
526 1206 550 1273 ᾗ
596 1216 873 1266 κεκτημένος,
924 1211 1071 1265 μηκέτ’
1129 1212 1420 1269 άμιῙιςβητεῖν
1475 1211 1644 1263 ἐξεῖναι.

289 1283 460 1337 χωρίων
502 1282 582 1334 μὲν
634 1278 843 1330 οἰκήσεων
881 1295 925 1320 τε
971 1279 1070 1337 τῇδε
1111 1278 1190 1321 οὐκ
1227 1275 1316 1320 ἔστ’
1370 1277 1648 1336 άμᾳιςβήτη·

293 1361 380 1397 σις’
418 1347 504 1388 τῶν
539 1348 582 1389 δὲ
619 1342 765 1387 ἄλλων
802 1343 824 1388 ὅ
866 1362 907 1387 τι
928 1343 986 1386 ἄν
1019 1361 1082 1394 τις
1122 1350 1353 1398 ἐκτημένος
1389 1339 1427 1397 ἦ,
1463 1344 1541 1387 ἐάν
1567 1346 1647 1399 μὲν

292 1412 406 1456 κατὰ
444 1409 557 1454 ἄστυ
594 1414 665 1454 καὶ
707 1411 804 1453 κατ’
850 1411 1024 1466 ἀγοράν
1053 1414 1122 1454 καὶ
1162 1410 1256 1466 ιἐρα
1291 1411 1513 1468 χριόμενος
1543 1415 1647 1468 qai-

292 1496 423 1532 νηται
460 1481 530 1521 καὶ
578 1481 728 1533 μηδεὶς
772 1479 1059 1532 ἐπιλάβηται,
1107 1480 1169 1538 φῇ
1209 1480 1253 1521 δὲ
1294 1480 1435 1531 ζητεῖν
1480 1480 1648 1522 τοῦτον

389 1606 409 1651 ἦ
443 1608 521 1651 μὴν
562 1608 766 1651 ἐλπίζειν]
801 1609 901 1641 Libri
937 1619 1056 1642 omnes
1094 1610 1243 1643 vitiose:
1282 1608 1446 1651 ἐλπίζων.
1486 1609 1651 1642 Correxit

298 1657 435 1689 Astius.
1180 1666 1191 1681 ι.

385 1701 426 1734 B.
477 1699 770 1741 τιμησάμενον
803 1698 845 1731 τὸ
882 1699 1202 1741 ἐρευνώμενον]
1254 1699 1312 1731 Sic
1338 1700 1418 1731 Vat.
1447 1709 1474 1730 r.
1501 1704 1535 1731 et
1560 1709 1648 1732 corr.

301 1744 338 1778 Ω.
366 1756 430 1787 pro
453 1747 547 1787 vulg.
574 1743 634 1777 τὸν
657 1745 769 1786 ἐρευν.
798 1747 927 1778 Verum
954 1747 1076 1777 Astius
1101 1747 1302 1777 coniectura
1328 1750 1537 1786 assequutus
1563 1751 1649 1777 erat.

388 1789 462 1823 ἐὰν
493 1790 535 1822 δὲ
567 1789 818 1833 ἀποδημῶν]
853 1790 888 1822 δὲ
919 1793 1045 1824 excidit
1080 1792 1114 1823 in
1147 1793 1201 1824 ed.
1229 1791 1378 1823 Bekker.
1405 1792 1590 1832 qui‘error
1613 1793 1650 1823 in

298 1837 567 1870 Commentariis
595 1839 684 1869 critt.
712 1842 764 1869 est
789 1841 978 1870 correctus.

388 1882 428 1914 C.
483 1882 575 1914 Τῶν
605 1880 1002 1924 ἀμφισβητησίμων
1034 1880 1219 1925 χρόνου]

297 1928 319 1959 s.
349 1939 375 1960 r.
403 1939 434 1959 a.
462 1927 490 1961 δ.
519 1939 547 1961 ο.
576 1927 613 1959 δὲ
637 1930 876 1970 interponunt.

388 1972 623 2015 ἐκτημένος
649 1969 690 2017 ᾖ]
718 1974 778 2007 Sic
805 1976 848 2006 A.
880 1971 916 2004 Ω.
945 1973 983 2007 Ξ.
1012 1984 1041 2004 ν.
1068 1983 1143 2006 ικει.
1166 1983 1192 2005 c.
1222 1982 1285 2014 pro
1313 1973 1407 2014 vulg.
1436 1972 1648 2014 κεκτημένος,

1278 1882 1362 1914 Post
1393 1880 1524 1924 χρόνου
1550 1883 1587 1916 Ξ.
1616 1894 1649 1915 v.

297 2088 503 2127 μασμένα,
540 2088 800 2128 obsignata,
835 2097 860 2118 s.
889 2089 941 2119 si-

297 2132 938 2174 gnataMoxnaquaquatveostmest:

297 2181 423 2210 iuxta
457 2179 713 2218 obsignare,
745 2183 783 2210 ut
806 2179 941 2219 aliquo-

297 2225 363 2256 ties
397 2224 489 2264 apud
526 2223 878 2256 Demosthenem.
908 2235 938 2256 v.

298 2270 654 2310 Jungermannus
709 2270 753 2301 ad
803 2269 936 2301 Polluc.

299 2315 424 2346 Onom.
453 2314 630 2349 VI11.27.
671 2320 704 2347 et
742 2314 938 2347 Pierson.

298 2361 342 2392 ad
368 2360 479 2391 Moer.
513 2370 544 2401 p.
581 2360 658 2394 313.
695 2360 800 2393 Conf.
833 2362 937 2392 etiam

300 2405 560 2446 Harpocrat.
587 2417 613 2438 s.
640 2417 672 2438 v.
706 2404 879 2448 ἀσήμαντα
907 2411 940 2438 et

301 2460 546 2491 σεσημασμενα.

346 2495 385 2527 C.
427 2497 506 2527 Ίίῦν
539 2492 941 2538 ἀμφισβητησίμων

301 2539 429 2579 χρόνο
442 2552 461 2572 υ
489 2540 617 2584 ὅρος,]
635 2542 835 2583 Stephanus
854 2541 940 2572 ἔστω

301 2586 488 2625 desiderat,
514 2588 620 2628 idque
652 2589 852 2629 neutiquam
888 2588 939 2619 in-

299 2631 399 2663 iuria.
430 2631 484 2662 De
510 2642 546 2663 re
572 2634 648 2674 ipsa
666 2635 937 2666 Hermannus

299 2677 319 2709 Ι.
347 2687 373 2707 c.
408 2687 440 2717 p.
467 2677 523 2710 66.
555 2678 843 2721 Praescriptionis
870 2684 936 2710 ter-

297 2722 423 2761 minos,
449 2723 575 2764 inquit,
607 2727 700 2766 quod
733 2725 936 2766 plerumque

1011 2087 1093 2118 facit
1128 2087 1163 2116 in
1195 2086 1368 2128 numeris,
1406 2096 1470 2118 suo
1502 2087 1650 2118 arbitrio

1009 2132 1240 2172 descripsisse
1295 2132 1434 2163 videtur
1492 2131 1650 2173 (Plato),

1010 2188 1217 2218 quamquam
1243 2177 1367 2208 horum
1394 2187 1531 2218 quoque
1563 2187 1650 2209 non-

1008 2223 1122 2254 nullos
1149 2233 1224 2253 cum
1251 2224 1326 2254 iure
1353 2223 1472 2255 Attico
1498 2233 1650 2254 commu-

1009 2278 1070 2300 nes
1122 2269 1244 2306 habet3
1289 2268 1381 2301 conf.
1424 2270 1650 2310 Antiquitatt.

1009 2312 1068 2346 Gr.
1095 2315 1125 2354 ξ.
1153 2313 1230 2347 141.
1257 2323 1290 2345 n.
1317 2313 1350 2347 5.

1055 2402 1150 2443 τῇδε
1189 2401 1266 2436 οὐκ
1308 2400 1393 2435 ἔστ’
1431 2401 1649 2444 ἀμφισβή-

1011 2450 1151 2492 τησις]
1199 2461 1304 2492 quum
1348 2451 1383 2481 in
1423 2449 1488 2481 hac
1529 2454 1652 2481 nostra

1009 2495 1149 2528 civitate
1176 2498 1311 2538 omnia,
1345 2505 1434 2537 quae
1465 2494 1650 2535 hucssrefe-

1009 2546 1147 2581 ruutur,
1193 2543 1259 2574 iam
1304 2543 1337 2572 iu
1375 2550 1477 2572 omne
1513 2545 1650 2581 tompus

1007 2591 1102 2618 certo
1146 2589 1216 2619 sint
1261 2587 1406 2618 definita
1447 2591 1481 2617 et
1520 2587 1650 2618 consti-

1006 2636 1090 2664 tuta.
1124 2633 1216 2665 Dein
1243 2633 1335 2675 quod
1361 2631 1544 2672 ἐκτημένος
1567 2637 1651 2674 post

1005 2678 1206 2720 κεκτημένος
1231 2680 1396 2719 scriptum
1423 2678 1562 2718 legitur,
1590 2687 1649 2710 ea-

1003 2724 1080 2756 dem
1107 2730 1159 2757 est
1185 2726 1364 2766 utriusque
1390 2723 1522 2755 formae
1542 2724 1645 2756 vicis-
