<?xml version="1.0" encoding="UTF-8"?>
<!DOCTYPE html PUBLIC "-//W3C//DTD XHTML 1.0 Transitional//EN"
    "http://www.w3.org/TR/xhtml1/DTD/xhtml1-transitional.dtd">
<html xmlns="http://www.w3.org/1999/xhtml" xml:lang="en" lang="en">
 <head>
  <title>
</title>
<meta http-equiv="Content-Type" content="text/html;charset=utf-8" />
  <meta name='ocr-system' content='tesseract 3.04.00' />
  <meta name='ocr-capabilities' content='ocr_page ocr_carea ocr_par ocr_line ocrx_word'/>
</head>
<body>
  <div class='ocr_page' id='page_1' title='image "./n3operaomniarecens10platuoft/n3operaomniarecens10platuoft_0296.png"; bbox 0 0 1781 2971; ppageno 0'>
   <div class='ocr_carea' id='block_1_1' title="bbox 301 159 385 199">
    <p class='ocr_par' dir='ltr' id='par_1_1' title="bbox 301 159 385 199">
     <span class='ocr_line' id='line_1_1' title="bbox 301 159 385 199; baseline 0 0"><span class='ocrx_word' id='word_1_1' title='bbox 301 159 385 199; x_wconf 67' lang='lat'>&#39;29²2</span> 
     </span>
    </p>
   </div>
   <div class='ocr_carea' id='block_1_2' title="bbox 736 148 1173 224">
    <p class='ocr_par' dir='ltr' id='par_1_2' title="bbox 736 148 1173 224">
     <span class='ocr_line' id='line_1_2' title="bbox 736 148 1173 224; baseline 0.007 -26"><span class='ocrx_word' id='word_1_2' title='bbox 736 148 1173 224; x_wconf 30' lang='lat' dir='ltr'>&#39;XPLATONIS</span> 
     </span>
    </p>
   </div>
   <div class='ocr_carea' id='block_1_3' title="bbox 296 272 1650 864">
    <p class='ocr_par' dir='ltr' id='par_1_3' title="bbox 296 272 1650 864">
     <span class='ocr_line' id='line_1_3' title="bbox 297 272 1645 333; baseline 0.001 -18"><span class='ocrx_word' id='word_1_3' title='bbox 297 279 392 329; x_wconf 74' lang='grc' dir='ltr'><strong>περὶ</strong></span> <span class='ocrx_word' id='word_1_4' title='bbox 436 272 486 314; x_wconf 74' lang='grc' dir='ltr'>τὰ</span> <span class='ocrx_word' id='word_1_5' title='bbox 528 277 740 327; x_wconf 80' lang='grc' dir='ltr'>τοιαῦτα,</span> <span class='ocrx_word' id='word_1_6' title='bbox 777 273 892 316; x_wconf 73' lang='grc' dir='ltr'>οὕτω</span> <span class='ocrx_word' id='word_1_7' title='bbox 930 277 1133 318; x_wconf 79' lang='grc' dir='ltr'>πολλαῖσι</span> <span class='ocrx_word' id='word_1_8' title='bbox 1171 279 1242 317; x_wconf 77' lang='grc' dir='ltr'><strong>καὶ</strong></span> <span class='ocrx_word' id='word_1_9' title='bbox 1277 274 1449 333; x_wconf 71' lang='grc' dir='ltr'>σφόδρα</span> <span class='ocrx_word' id='word_1_10' title='bbox 1486 277 1645 316; x_wconf 76' lang='grc' dir='ltr'>παλαι-</span> 
     </span>
     <span class='ocr_line' id='line_1_4' title="bbox 298 335 1647 396; baseline 0.001 -14"><span class='ocrx_word' id='word_1_11' title='bbox 298 348 369 389; x_wconf 83' lang='grc' dir='ltr'><strong>αῖς</strong></span> <span class='ocrx_word' id='word_1_12' title='bbox 414 338 592 389; x_wconf 73' lang='grc' dir='ltr'>οὔσαις·</span> <span class='ocrx_word' id='word_1_13' title='bbox 641 339 857 384; x_wconf 79' lang='grc' dir='ltr'>πιστεύειν</span> <span class='ocrx_word' id='word_1_14' title='bbox 898 341 935 383; x_wconf 82' lang='grc' dir='ltr'><strong>δ’</strong></span> <span class='ocrx_word' id='word_1_15' title='bbox 982 335 1040 382; x_wconf 74' lang='grc' dir='ltr'><strong>αὖ</strong></span> <span class='ocrx_word' id='word_1_16' title='bbox 1086 345 1158 385; x_wconf 79' lang='grc' dir='ltr'><strong>καὶ</strong></span> <span class='ocrx_word' id='word_1_17' title='bbox 1206 350 1297 391; x_wconf 80' lang='grc' dir='ltr'>τοῖς</span> <span class='ocrx_word' id='word_1_18' title='bbox 1342 343 1647 396; x_wconf 75' lang='grc' dir='ltr'>νομοθετοῦσι</span> 
     </span>
     <span class='ocr_line' id='line_1_5' title="bbox 297 404 1648 466; baseline 0.001 -18"><span class='ocrx_word' id='word_1_19' title='bbox 297 404 443 449; x_wconf 74' lang='grc' dir='ltr'>ταῦθ’</span> <span class='ocrx_word' id='word_1_20' title='bbox 480 405 622 456; x_wconf 76' lang='grc' dir='ltr'>οὕτως</span> <span class='ocrx_word' id='word_1_21' title='bbox 656 410 788 462; x_wconf 74' lang='grc' dir='ltr'>ἔχειν,</span> <span class='ocrx_word' id='word_1_22' title='bbox 833 404 974 462; x_wconf 79' lang='grc' dir='ltr'>ἄνπερ</span> <span class='ocrx_word' id='word_1_23' title='bbox 1012 405 1072 461; x_wconf 78' lang='grc' dir='ltr'><strong>μὴ</strong></span> <span class='ocrx_word' id='word_1_24' title='bbox 1119 408 1407 451; x_wconf 77' lang='grc' dir='ltr'>παντάπασιν</span> <span class='ocrx_word' id='word_1_25' title='bbox 1449 406 1648 466; x_wconf 72' lang='grc' dir='ltr'>ἄφρονες</span> 
     </span>
     <span class='ocr_line' id='line_1_6' title="bbox 296 473 1646 534; baseline 0 -19"><span class='ocrx_word' id='word_1_26' title='bbox 296 478 560 531; x_wconf 73' lang='grc' dir='ltr'>φαίνωνται.</span> <span class='ocrx_word' id='word_1_27' title='bbox 597 474 736 534; x_wconf 66' lang='grc' dir='ltr'>ταύτῃ</span> <span class='ocrx_word' id='word_1_28' title='bbox 775 477 818 517; x_wconf 81' lang='grc' dir='ltr'><strong>δὲ</strong></span> <span class='ocrx_word' id='word_1_29' title='bbox 845 478 879 516; x_wconf 81' lang='grc' dir='ltr'><strong>εὶ</strong></span> <span class='ocrx_word' id='word_1_30' title='bbox 905 473 1032 516; x_wconf 80' lang='grc' dir='ltr'>ταῦτ’</span> <span class='ocrx_word' id='word_1_31' title='bbox 1075 478 1163 518; x_wconf 77' lang='grc' dir='ltr'>ἐστι</span> <span class='ocrx_word' id='word_1_32' title='bbox 1196 475 1310 532; x_wconf 74' lang='grc' dir='ltr'>κατὰ</span> <span class='ocrx_word' id='word_1_33' title='bbox 1347 473 1494 533; x_wconf 74' lang='grc' dir='ltr'>φύσιν,</span> <span class='ocrx_word' id='word_1_34' title='bbox 1529 476 1646 528; x_wconf 83' lang='grc' dir='ltr'><em>πρῶ-</em></span> 
     </span>
     <span class='ocr_line' id='line_1_7' title="bbox 299 538 1646 599; baseline 0 -17"><span class='ocrx_word' id='word_1_35' title='bbox 299 557 377 584; x_wconf 82' lang='grc' dir='ltr'>τον</span> <span class='ocrx_word' id='word_1_36' title='bbox 410 542 491 595; x_wconf 80' lang='grc' dir='ltr'><strong>μὲν</strong></span> <span class='ocrx_word' id='word_1_37' title='bbox 528 538 633 590; x_wconf 80' lang='grc' dir='ltr'>τοὺς</span> <span class='ocrx_word' id='word_1_38' title='bbox 667 538 760 583; x_wconf 79' lang='grc' dir='ltr'>ἄνω</span> <span class='ocrx_word' id='word_1_39' title='bbox 801 540 939 590; x_wconf 74' lang='grc' dir='ltr'>θεοὺς</span> <span class='ocrx_word' id='word_1_40' title='bbox 973 542 1256 599; x_wconf 74' lang='grc' dir='ltr'>φοβείσθων,</span> <span class='ocrx_word' id='word_1_41' title='bbox 1302 544 1343 585; x_wconf 82' lang='grc' dir='ltr'><strong>οἳ</strong></span> <span class='ocrx_word' id='word_1_42' title='bbox 1379 543 1466 583; x_wconf 81' lang='grc' dir='ltr'>τῶν</span> <span class='ocrx_word' id='word_1_43' title='bbox 1502 539 1646 598; x_wconf 62' lang='lat' dir='ltr'><strong>docfa-</strong></span> 
     </span>
     <span class='ocr_line' id='line_1_8' title="bbox 300 606 1646 663; baseline 0.001 -16"><span class='ocrx_word' id='word_1_44' title='bbox 300 609 388 648; x_wconf 79' lang='grc' dir='ltr'><strong>νῶν</strong></span> <span class='ocrx_word' id='word_1_45' title='bbox 424 608 502 659; x_wconf 83' lang='grc' dir='ltr'>τῆς</span> <span class='ocrx_word' id='word_1_46' title='bbox 536 611 717 663; x_wconf 73' lang='grc' dir='ltr'><strong><em>ἐρημίας</em></strong></span> <span class='ocrx_word' id='word_1_47' title='bbox 764 607 998 658; x_wconf 69' lang='grc' dir='ltr'>αἰσθήσεις</span> <span class='ocrx_word' id='word_1_48' title='bbox 1047 610 1238 663; x_wconf 78' lang='grc' dir='ltr'><strong>ἔχουσιν.</strong></span> <span class='ocrx_word' id='word_1_49' title='bbox 1284 607 1375 652; x_wconf 83' lang='grc' dir='ltr'>εἶτα</span> <span class='ocrx_word' id='word_1_50' title='bbox 1427 606 1509 657; x_wconf 80' lang='grc' dir='ltr'><strong>τὰς</strong></span> <span class='ocrx_word' id='word_1_51' title='bbox 1558 608 1646 648; x_wconf 77' lang='grc' dir='ltr'>τῶν</span> 
     </span>
     <span class='ocr_line' id='line_1_9' title="bbox 297 671 1649 736; baseline -0.001 -20"><span class='ocrx_word' id='word_1_52' title='bbox 297 674 574 728; x_wconf 80' lang='grc' dir='ltr'>κεκμηκότων</span> <span class='ocrx_word' id='word_1_53' title='bbox 609 672 770 733; x_wconf 78' lang='grc' dir='ltr'><em>ψυχάς,</em></span> <span class='ocrx_word' id='word_1_54' title='bbox 806 673 876 724; x_wconf 82' lang='grc' dir='ltr'><strong>αἶς</strong></span> <span class='ocrx_word' id='word_1_55' title='bbox 915 679 1031 718; x_wconf 79' lang='grc' dir='ltr'>ἐστιν</span> <span class='ocrx_word' id='word_1_56' title='bbox 1059 681 1104 718; x_wconf 79' lang='grc' dir='ltr'><strong>ἐν</strong></span> <span class='ocrx_word' id='word_1_57' title='bbox 1128 678 1178 736; x_wconf 78' lang='grc' dir='ltr'>τῇ</span> <span class='ocrx_word' id='word_1_58' title='bbox 1211 675 1342 733; x_wconf 74' lang='grc' dir='ltr'>([ύσει</span> <span class='ocrx_word' id='word_1_59' title='bbox 1375 677 1463 717; x_wconf 82' lang='grc' dir='ltr'>τῶν</span> <span class='ocrx_word' id='word_1_60' title='bbox 1499 671 1649 716; x_wconf 84' lang='grc' dir='ltr'>αὑτῶν</span> 
     </span>
     <span class='ocr_line' id='line_1_10' title="bbox 296 738 1650 799; baseline -0.001 -16"><span class='ocrx_word' id='word_1_61' title='bbox 296 739 488 793; x_wconf 77' lang='grc' dir='ltr'>ἐκγόνων</span> <span class='ocrx_word' id='word_1_62' title='bbox 521 739 743 792; x_wconf 77' lang='grc' dir='ltr'>κήδεσθαι</span> <span class='ocrx_word' id='word_1_63' title='bbox 781 740 1079 799; x_wconf 67' lang='grc' dir='ltr'><strong>διαφερόντως</strong></span> <span class='ocrx_word' id='word_1_64' title='bbox 1110 747 1182 786; x_wconf 80' lang='grc' dir='ltr'><strong>καὶ</strong></span> <span class='ocrx_word' id='word_1_65' title='bbox 1220 744 1374 797; x_wconf 81' lang='grc' dir='ltr'>τιμῶσί</span> <span class='ocrx_word' id='word_1_66' title='bbox 1405 757 1449 784; x_wconf 82' lang='grc' dir='ltr'>τε</span> <span class='ocrx_word' id='word_1_67' title='bbox 1481 738 1650 790; x_wconf 75' lang='grc' dir='ltr'>αὐτοὺς</span> 
     </span>
     <span class='ocr_line' id='line_1_11' title="bbox 299 805 1650 864; baseline -0.001 -13"><span class='ocrx_word' id='word_1_68' title='bbox 299 808 491 862; x_wconf 79' lang='grc' dir='ltr'>εὐμενεῖς</span> <span class='ocrx_word' id='word_1_69' title='bbox 523 807 635 851; x_wconf 83' lang='grc' dir='ltr'>εἶναι</span> <span class='ocrx_word' id='word_1_70' title='bbox 679 812 751 851; x_wconf 76' lang='grc' dir='ltr'><strong>καὶ</strong></span> <span class='ocrx_word' id='word_1_71' title='bbox 793 808 1056 863; x_wconf 74' lang='grc' dir='ltr'>ἀτιμάζουσι</span> <span class='ocrx_word' id='word_1_72' title='bbox 1104 812 1340 864; x_wconf 72' lang='grc' dir='ltr'>ὑύςμενεῖς,</span> <span class='ocrx_word' id='word_1_73' title='bbox 1385 812 1447 850; x_wconf 76' lang='grc' dir='ltr'>ἔτι</span> <span class='ocrx_word' id='word_1_74' title='bbox 1487 809 1532 850; x_wconf 73' lang='grc' dir='ltr'><strong>δὲ</strong></span> <span class='ocrx_word' id='word_1_75' title='bbox 1567 805 1650 857; x_wconf 72' lang='grc' dir='ltr'>τοὶς</span> 
     </span>
    </p>
   </div>
   <div class='ocr_carea' id='block_1_4' title="bbox 391 913 1470 961">
    <p class='ocr_par' dir='ltr' id='par_1_4' title="bbox 391 913 1470 961">
     <span class='ocr_line' id='line_1_12' title="bbox 391 913 1470 961; baseline -0.002 -13"><span class='ocrx_word' id='word_1_76' title='bbox 391 916 429 950; x_wconf 86' lang='lat' dir='ltr'><strong>C.</strong></span> <span class='ocrx_word' id='word_1_77' title='bbox 480 918 694 956; x_wconf 79' lang='grc' dir='ltr'>νεμεσῶσί</span> <span class='ocrx_word' id='word_1_78' title='bbox 724 928 761 948; x_wconf 79' lang='grc' dir='ltr'>τε</span> <span class='ocrx_word' id='word_1_79' title='bbox 792 916 973 957; x_wconf 73' lang='grc' dir='ltr'>μάλιστα</span> <span class='ocrx_word' id='word_1_80' title='bbox 1005 914 1057 950; x_wconf 65' lang='grc' dir='ltr'><strong>αὖ</strong></span> <span class='ocrx_word' id='word_1_81' title='bbox 1083 918 1190 961; x_wconf 75' lang='grc' dir='ltr'>τοῖς]</span> <span class='ocrx_word' id='word_1_82' title='bbox 1217 919 1315 950; x_wconf 86' lang='lat' dir='ltr'>Libri</span> <span class='ocrx_word' id='word_1_83' title='bbox 1342 913 1470 948; x_wconf 63' lang='lat' dir='ltr'><strong>mimis.</strong></span> 
     </span>
    </p>
   </div>
   <div class='ocr_carea' id='block_1_5' title="bbox 300 963 514 994">
    <p class='ocr_par' dir='ltr' id='par_1_5' title="bbox 300 963 514 994">
     <span class='ocr_line' id='line_1_13' title="bbox 300 963 514 994; baseline 0.005 -2"><span class='ocrx_word' id='word_1_84' title='bbox 300 963 353 993; x_wconf 83' lang='lat' dir='ltr'><strong>xit</strong></span> <span class='ocrx_word' id='word_1_85' title='bbox 378 963 514 994; x_wconf 85' lang='lat' dir='ltr'><strong>Astius.</strong></span> 
     </span>
    </p>
   </div>
   <div class='ocr_carea' id='block_1_6' title="bbox 290 1049 944 2794">
    <p class='ocr_par' dir='ltr' id='par_1_6' title="bbox 297 1049 936 1222">
     <span class='ocr_line' id='line_1_14' title="bbox 299 1049 935 1094; baseline 0.002 -10"><span class='ocrx_word' id='word_1_86' title='bbox 299 1054 373 1084; x_wconf 89' lang='lat' dir='ltr'><strong>dor.</strong></span> <span class='ocrx_word' id='word_1_87' title='bbox 417 1052 471 1083; x_wconf 88' lang='grc' dir='ltr'><strong>καὶ</strong></span> <span class='ocrx_word' id='word_1_88' title='bbox 510 1049 650 1093; x_wconf 74' lang='grc' dir='ltr'>σφόδρα</span> <span class='ocrx_word' id='word_1_89' title='bbox 686 1063 724 1094; x_wconf 83' lang='grc' dir='ltr'><strong>γε</strong></span> <span class='ocrx_word' id='word_1_90' title='bbox 766 1054 935 1093; x_wconf 74' lang='grc' dir='ltr'><em>παλαιαῖς,</em></span> 
     </span>
     <span class='ocr_line' id='line_1_15' title="bbox 298 1099 936 1140; baseline 0.005 -11"><span class='ocrx_word' id='word_1_91' title='bbox 298 1099 472 1140; x_wconf 84' lang='lat' dir='ltr'>probante</span> <span class='ocrx_word' id='word_1_92' title='bbox 498 1099 639 1130; x_wconf 89' lang='lat' dir='ltr'><strong>Astio.</strong></span> <span class='ocrx_word' id='word_1_93' title='bbox 687 1099 860 1139; x_wconf 78' lang='lat' dir='ltr'>Ignorant</span> <span class='ocrx_word' id='word_1_94' title='bbox 885 1107 936 1132; x_wconf 84' lang='lat' dir='ltr'><strong>ta-</strong></span> 
     </span>
     <span class='ocr_line' id='line_1_16' title="bbox 297 1145 936 1185; baseline 0.003 -9"><span class='ocrx_word' id='word_1_95' title='bbox 297 1155 377 1177; x_wconf 85' lang='lat' dir='ltr'><strong>men</strong></span> <span class='ocrx_word' id='word_1_96' title='bbox 393 1155 430 1185; x_wconf 80' lang='grc' dir='ltr'><strong>γε</strong></span> <span class='ocrx_word' id='word_1_97' title='bbox 446 1154 522 1176; x_wconf 89' lang='lat' dir='ltr'><strong>cum</strong></span> <span class='ocrx_word' id='word_1_98' title='bbox 536 1145 637 1176; x_wconf 87' lang='lat' dir='ltr'>codd.</span> <span class='ocrx_word' id='word_1_99' title='bbox 656 1145 814 1179; x_wconf 82' lang='lat' dir='ltr'>Platonis</span> <span class='ocrx_word' id='word_1_100' title='bbox 830 1148 936 1178; x_wconf 84' lang='lat' dir='ltr'><strong>etiam</strong></span> 
     </span>
     <span class='ocr_line' id='line_1_17' title="bbox 297 1190 751 1222; baseline 0.002 -1"><span class='ocrx_word' id='word_1_101' title='bbox 297 1191 473 1222; x_wconf 83' lang='lat' dir='ltr'><strong>Eusebius</strong></span> <span class='ocrx_word' id='word_1_102' title='bbox 499 1201 540 1222; x_wconf 87' lang='lat' dir='ltr'><strong>ac</strong></span> <span class='ocrx_word' id='word_1_103' title='bbox 566 1190 751 1222; x_wconf 82' lang='lat' dir='ltr'><strong>Stobaeus.</strong></span> 
     </span>
    </p>

    <p class='ocr_par' dir='ltr' id='par_1_7' title="bbox 296 1233 943 1505">
     <span class='ocr_line' id='line_1_18' title="bbox 344 1233 937 1279; baseline 0.003 -12"><span class='ocrx_word' id='word_1_104' title='bbox 344 1234 562 1268; x_wconf 59' lang='lat' dir='ltr'><strong>mutulen</strong></span> <span class='ocrx_word' id='word_1_105' title='bbox 588 1233 623 1268; x_wconf 78' lang='grc' dir='ltr'><strong>δ’</strong></span> <span class='ocrx_word' id='word_1_106' title='bbox 648 1248 696 1268; x_wconf 82' lang='lat' dir='ltr'><strong>av</strong></span> <span class='ocrx_word' id='word_1_107' title='bbox 727 1238 792 1269; x_wconf 82' lang='grc' dir='ltr'><strong>καὶ</strong></span> <span class='ocrx_word' id='word_1_108' title='bbox 826 1239 937 1279; x_wconf 79' lang='grc' dir='ltr'>τοῖς]</span> 
     </span>
     <span class='ocr_line' id='line_1_19' title="bbox 297 1278 936 1318; baseline 0.002 -5"><span class='ocrx_word' id='word_1_109' title='bbox 297 1282 434 1314; x_wconf 78' lang='lat' dir='ltr'><strong>Theod.</strong></span> <span class='ocrx_word' id='word_1_110' title='bbox 468 1278 503 1313; x_wconf 85' lang='grc' dir='ltr'><strong>δ’</strong></span> <span class='ocrx_word' id='word_1_111' title='bbox 537 1279 672 1318; x_wconf 72' lang='grc' dir='ltr'>αὐτοῖς,</span> <span class='ocrx_word' id='word_1_112' title='bbox 705 1285 836 1315; x_wconf 85' lang='lat' dir='ltr'><strong>omisso</strong></span> <span class='ocrx_word' id='word_1_113' title='bbox 871 1285 936 1315; x_wconf 82' lang='grc' dir='ltr'><strong>καί.</strong></span> 
     </span>
     <span class='ocr_line' id='line_1_20' title="bbox 296 1327 934 1363; baseline 0.003 -4"><span class='ocrx_word' id='word_1_114' title='bbox 296 1328 427 1360; x_wconf 88' lang='lat' dir='ltr'><strong>Euseb.</strong></span> <span class='ocrx_word' id='word_1_115' title='bbox 449 1327 486 1359; x_wconf 83' lang='grc' dir='ltr'><strong>δὲ</strong></span> <span class='ocrx_word' id='word_1_116' title='bbox 517 1329 570 1359; x_wconf 81' lang='grc' dir='ltr'><strong>καὶ</strong></span> <span class='ocrx_word' id='word_1_117' title='bbox 606 1333 685 1363; x_wconf 67' lang='grc' dir='ltr'>τοῖς,</span> <span class='ocrx_word' id='word_1_118' title='bbox 720 1331 852 1361; x_wconf 84' lang='lat' dir='ltr'><strong>omisso</strong></span> <span class='ocrx_word' id='word_1_119' title='bbox 879 1341 934 1361; x_wconf 81' lang='lat' dir='ltr'><strong>av.</strong></span> 
     </span>
     <span class='ocr_line' id='line_1_21' title="bbox 296 1370 938 1407; baseline 0.003 -2"><span class='ocrx_word' id='word_1_120' title='bbox 296 1373 471 1406; x_wconf 84' lang='lat' dir='ltr'><strong>Stobaeus</strong></span> <span class='ocrx_word' id='word_1_121' title='bbox 497 1375 617 1406; x_wconf 82' lang='lat' dir='ltr'><strong>habet:</strong></span> <span class='ocrx_word' id='word_1_122' title='bbox 651 1370 684 1406; x_wconf 83' lang='grc' dir='ltr'><strong>δ’</strong></span> <span class='ocrx_word' id='word_1_123' title='bbox 711 1370 755 1406; x_wconf 78' lang='grc' dir='ltr'><strong>αὖ</strong></span> <span class='ocrx_word' id='word_1_124' title='bbox 781 1379 866 1407; x_wconf 76' lang='grc' dir='ltr'>τοῖς.</span> <span class='ocrx_word' id='word_1_125' title='bbox 894 1394 938 1399; x_wconf 91' lang='lat'><strong>-—</strong></span> 
     </span>
     <span class='ocr_line' id='line_1_22' title="bbox 296 1418 943 1461; baseline 0.002 -10"><span class='ocrx_word' id='word_1_126' title='bbox 296 1418 490 1461; x_wconf 71' lang='grc' dir='ltr'>ἄφρονες</span> <span class='ocrx_word' id='word_1_127' title='bbox 524 1423 787 1460; x_wconf 80' lang='grc' dir='ltr'>φαίνωνται,</span> <span class='ocrx_word' id='word_1_128' title='bbox 823 1433 869 1454; x_wconf 83' lang='lat' dir='ltr'><strong>sc.</strong></span> <span class='ocrx_word' id='word_1_129' title='bbox 906 1420 943 1452; x_wconf 83' lang='lat' dir='ltr'><strong>oi</strong></span> 
     </span>
     <span class='ocr_line' id='line_1_23' title="bbox 296 1466 586 1505; baseline 0.003 -8"><span class='ocrx_word' id='word_1_130' title='bbox 296 1466 586 1505; x_wconf 70' lang='grc' dir='ltr'>νομοθετοῦντες.</span> 
     </span>
    </p>

    <p class='ocr_par' dir='ltr' id='par_1_8' title="bbox 294 1510 944 1829">
     <span class='ocr_line' id='line_1_24' title="bbox 339 1510 944 1554; baseline 0.002 -11"><span class='ocrx_word' id='word_1_131' title='bbox 339 1510 480 1544; x_wconf 63' lang='lat' dir='ltr'><strong>&amp;eous</strong></span> <span class='ocrx_word' id='word_1_132' title='bbox 506 1511 796 1554; x_wconf 80' lang='grc' dir='ltr'>φοβείσθων]</span> <span class='ocrx_word' id='word_1_133' title='bbox 822 1513 890 1545; x_wconf 87' lang='lat' dir='ltr'><strong>Int.</strong></span> <span class='ocrx_word' id='word_1_134' title='bbox 907 1512 944 1544; x_wconf 79' lang='grc' dir='ltr'><strong>οἱ</strong></span> 
     </span>
     <span class='ocr_line' id='line_1_25' title="bbox 295 1557 935 1599; baseline 0.002 -11"><span class='ocrx_word' id='word_1_135' title='bbox 295 1560 538 1599; x_wconf 59' lang='grc' dir='ltr'><strong>νομοφυλακέἒ</strong></span> <span class='ocrx_word' id='word_1_136' title='bbox 577 1570 630 1589; x_wconf 76' lang='grc' dir='ltr'><strong>καί</strong></span> <span class='ocrx_word' id='word_1_137' title='bbox 668 1558 710 1590; x_wconf 69' lang='grc' dir='ltr'><strong>Οἱ</strong></span> <span class='ocrx_word' id='word_1_138' title='bbox 745 1557 935 1599; x_wconf 73' lang='grc' dir='ltr'><strong>ὲπίἶρῡπῠί.</strong></span> 
     </span>
     <span class='ocr_line' id='line_1_26' title="bbox 295 1600 934 1646; baseline 0.003 -12"><span class='ocrx_word' id='word_1_139' title='bbox 295 1622 337 1629; x_wconf 87' lang='grc'>-</span> <span class='ocrx_word' id='word_1_140' title='bbox 362 1600 567 1644; x_wconf 77' lang='grc' dir='ltr'>ὀρφαιών</span> <span class='ocrx_word' id='word_1_141' title='bbox 594 1605 665 1645; x_wconf 72' lang='grc' dir='ltr'>τῆς</span> <span class='ocrx_word' id='word_1_142' title='bbox 691 1603 879 1646; x_wconf 75' lang='grc' dir='ltr'><strong><em>ἐρημίας,</em></strong></span> <span class='ocrx_word' id='word_1_143' title='bbox 901 1606 934 1638; x_wconf 87' lang='lat' dir='ltr'><strong>h.</strong></span> 
     </span>
     <span class='ocr_line' id='line_1_27' title="bbox 295 1651 935 1691; baseline 0 -9"><span class='ocrx_word' id='word_1_144' title='bbox 295 1661 323 1682; x_wconf 80' lang='lat' dir='ltr'><strong>e.</strong></span> <span class='ocrx_word' id='word_1_145' title='bbox 350 1652 516 1682; x_wconf 87' lang='lat' dir='ltr'><strong>orborum</strong></span> <span class='ocrx_word' id='word_1_146' title='bbox 542 1652 748 1691; x_wconf 85' lang='lat' dir='ltr'><strong>parentibus</strong></span> <span class='ocrx_word' id='word_1_147' title='bbox 781 1651 935 1691; x_wconf 84' lang='lat' dir='ltr'><strong>privato-</strong></span> 
     </span>
     <span class='ocr_line' id='line_1_28' title="bbox 294 1696 935 1728; baseline 0 0"><span class='ocrx_word' id='word_1_148' title='bbox 294 1707 381 1728; x_wconf 87' lang='lat' dir='ltr'><strong>rum.</strong></span> <span class='ocrx_word' id='word_1_149' title='bbox 439 1696 497 1728; x_wconf 82' lang='lat' dir='ltr'><strong>Sic</strong></span> <span class='ocrx_word' id='word_1_150' title='bbox 530 1698 633 1727; x_wconf 86' lang='lat' dir='ltr'><strong>etiam</strong></span> <span class='ocrx_word' id='word_1_151' title='bbox 665 1697 935 1728; x_wconf 84' lang='lat' dir='ltr'><strong>solitudinis</strong></span> 
     </span>
     <span class='ocr_line' id='line_1_29' title="bbox 295 1743 937 1775; baseline 0.002 -2"><span class='ocrx_word' id='word_1_152' title='bbox 295 1743 506 1774; x_wconf 78' lang='lat' dir='ltr'><strong>vocabulum</strong></span> <span class='ocrx_word' id='word_1_153' title='bbox 523 1753 543 1773; x_wconf 90' lang='lat' dir='ltr'>a</span> <span class='ocrx_word' id='word_1_154' title='bbox 557 1743 693 1774; x_wconf 82' lang='lat' dir='ltr'><strong>Latinis</strong></span> <span class='ocrx_word' id='word_1_155' title='bbox 719 1744 762 1775; x_wconf 82' lang='lat' dir='ltr'><strong>de</strong></span> <span class='ocrx_word' id='word_1_156' title='bbox 784 1743 937 1774; x_wconf 85' lang='lat' dir='ltr'><strong>orbitate</strong></span> 
     </span>
     <span class='ocr_line' id='line_1_30' title="bbox 295 1789 889 1829; baseline 0 -9"><span class='ocrx_word' id='word_1_157' title='bbox 295 1790 378 1829; x_wconf 86' lang='lat' dir='ltr'><strong>diei,</strong></span> <span class='ocrx_word' id='word_1_158' title='bbox 403 1789 522 1820; x_wconf 80' lang='lat' dir='ltr'><strong>docuit</strong></span> <span class='ocrx_word' id='word_1_159' title='bbox 546 1790 590 1820; x_wconf 87' lang='lat' dir='ltr'><strong>ad</strong></span> <span class='ocrx_word' id='word_1_160' title='bbox 615 1789 651 1822; x_wconf 86' lang='lat' dir='ltr'><strong>h.</strong></span> <span class='ocrx_word' id='word_1_161' title='bbox 679 1790 700 1820; x_wconf 94' lang='lat' dir='ltr'><strong>l.</strong></span> <span class='ocrx_word' id='word_1_162' title='bbox 726 1789 889 1820; x_wconf 84' lang='lat' dir='ltr'><strong>Astius.</strong></span> 
     </span>
    </p>

    <p class='ocr_par' dir='ltr' id='par_1_9' title="bbox 290 1832 938 2794">
     <span class='ocr_line' id='line_1_31' title="bbox 341 1832 935 1876; baseline -0.002 -10"><span class='ocrx_word' id='word_1_163' title='bbox 341 1835 381 1866; x_wconf 90' lang='grc' dir='ltr'><strong>Β.</strong></span> <span class='ocrx_word' id='word_1_164' title='bbox 411 1832 480 1866; x_wconf 75' lang='grc' dir='ltr'>τὰς</span> <span class='ocrx_word' id='word_1_165' title='bbox 506 1845 530 1864; x_wconf 86' lang='grc' dir='ltr'><strong>τ.</strong></span> <span class='ocrx_word' id='word_1_166' title='bbox 559 1833 836 1876; x_wconf 85' lang='grc' dir='ltr'>κεκμηκότων</span> <span class='ocrx_word' id='word_1_167' title='bbox 861 1840 935 1874; x_wconf 85' lang='grc' dir='ltr'><strong>ψυ-</strong></span> 
     </span>
     <span class='ocr_line' id='line_1_32' title="bbox 295 1877 938 1922; baseline 0.002 -11"><span class='ocrx_word' id='word_1_168' title='bbox 295 1877 382 1922; x_wconf 73' lang='grc' dir='ltr'><strong><em>χὰς]</em></strong></span> <span class='ocrx_word' id='word_1_169' title='bbox 409 1880 727 1920; x_wconf 76' lang='lat' dir='ltr'><strong>defunctorum,</strong></span> <span class='ocrx_word' id='word_1_170' title='bbox 753 1886 938 1912; x_wconf 84' lang='lat' dir='ltr'><strong>mortuo-</strong></span> 
     </span>
     <span class='ocr_line' id='line_1_33' title="bbox 294 1926 936 1965; baseline 0.002 -7"><span class='ocrx_word' id='word_1_171' title='bbox 294 1937 402 1965; x_wconf 82' lang='lat' dir='ltr'><strong>rum,</strong></span> <span class='ocrx_word' id='word_1_172' title='bbox 436 1932 474 1957; x_wconf 85' lang='lat' dir='ltr'><strong>ut</strong></span> <span class='ocrx_word' id='word_1_173' title='bbox 509 1926 563 1959; x_wconf 91' lang='lat' dir='ltr'><strong>lV.</strong></span> <span class='ocrx_word' id='word_1_174' title='bbox 596 1926 626 1960; x_wconf 87' lang='grc'><strong>8.</strong></span> <span class='ocrx_word' id='word_1_175' title='bbox 663 1927 743 1960; x_wconf 85' lang='lat' dir='ltr'><strong>vid.</strong></span> <span class='ocrx_word' id='word_1_176' title='bbox 783 1927 936 1960; x_wconf 80' lang='lat' dir='ltr'><strong>Pollue.</strong></span> 
     </span>
     <span class='ocr_line' id='line_1_34' title="bbox 295 1971 937 2014; baseline 0 -10"><span class='ocrx_word' id='word_1_177' title='bbox 295 1971 362 2004; x_wconf 90' lang='lat' dir='ltr'><strong>On.</strong></span> <span class='ocrx_word' id='word_1_178' title='bbox 389 1973 455 2004; x_wconf 90' lang='lat'>111.</span> <span class='ocrx_word' id='word_1_179' title='bbox 489 1972 567 2006; x_wconf 86' lang='lat'><strong>106.</strong></span> <span class='ocrx_word' id='word_1_180' title='bbox 605 1973 725 2014; x_wconf 80' lang='lat' dir='ltr'><strong>ibique</strong></span> <span class='ocrx_word' id='word_1_181' title='bbox 760 1972 937 2014; x_wconf 88' lang='lat' dir='ltr'><strong>Iunger-</strong></span> 
     </span>
     <span class='ocr_line' id='line_1_35' title="bbox 295 2018 937 2050; baseline 0.002 -1"><span class='ocrx_word' id='word_1_182' title='bbox 295 2029 431 2050; x_wconf 84' lang='lat' dir='ltr'><strong>mann.</strong></span> <span class='ocrx_word' id='word_1_183' title='bbox 471 2018 601 2050; x_wconf 88' lang='lat' dir='ltr'><strong>Totum</strong></span> <span class='ocrx_word' id='word_1_184' title='bbox 628 2019 720 2050; x_wconf 82' lang='lat' dir='ltr'><strong>huno</strong></span> <span class='ocrx_word' id='word_1_185' title='bbox 744 2018 860 2050; x_wconf 85' lang='lat' dir='ltr'><strong>locum</strong></span> <span class='ocrx_word' id='word_1_186' title='bbox 887 2021 937 2050; x_wconf 88' lang='lat' dir='ltr'><strong>vi-</strong></span> 
     </span>
     <span class='ocr_line' id='line_1_36' title="bbox 295 2064 937 2096; baseline 0.002 -1"><span class='ocrx_word' id='word_1_187' title='bbox 295 2066 417 2096; x_wconf 82' lang='lat' dir='ltr'><strong>tiatum</strong></span> <span class='ocrx_word' id='word_1_188' title='bbox 441 2075 517 2096; x_wconf 83' lang='lat' dir='ltr'><strong>esse</strong></span> <span class='ocrx_word' id='word_1_189' title='bbox 536 2066 671 2096; x_wconf 80' lang='lat' dir='ltr'><strong>censuit</strong></span> <span class='ocrx_word' id='word_1_190' title='bbox 695 2064 841 2096; x_wconf 85' lang='lat' dir='ltr'><strong>Desid.</strong></span> <span class='ocrx_word' id='word_1_191' title='bbox 863 2066 937 2096; x_wconf 79' lang='lat' dir='ltr'><strong>He·</strong></span> 
     </span>
     <span class='ocr_line' id='line_1_37' title="bbox 296 2110 935 2144; baseline 0.005 -3"><span class='ocrx_word' id='word_1_192' title='bbox 296 2111 446 2142; x_wconf 85' lang='lat' dir='ltr'><strong>raldus</strong></span> <span class='ocrx_word' id='word_1_193' title='bbox 471 2110 526 2141; x_wconf 80' lang='lat' dir='ltr'><strong>De</strong></span> <span class='ocrx_word' id='word_1_194' title='bbox 562 2120 627 2141; x_wconf 83' lang='lat' dir='ltr'><strong>rer.</strong></span> <span class='ocrx_word' id='word_1_195' title='bbox 663 2111 768 2143; x_wconf 84' lang='lat' dir='ltr'><strong>indie.</strong></span> <span class='ocrx_word' id='word_1_196' title='bbox 802 2116 935 2144; x_wconf 81' lang='lat' dir='ltr'>auctor.</span> 
     </span>
     <span class='ocr_line' id='line_1_38' title="bbox 296 2155 932 2197; baseline 0.002 -11"><span class='ocrx_word' id='word_1_197' title='bbox 296 2155 336 2187; x_wconf 90' lang='lat' dir='ltr'><strong>ll.</strong></span> <span class='ocrx_word' id='word_1_198' title='bbox 368 2155 400 2190; x_wconf 89' lang='grc'><strong>5.</strong></span> <span class='ocrx_word' id='word_1_199' title='bbox 427 2156 458 2197; x_wconf 66' lang='grc' dir='ltr'><strong>ἓ.</strong></span> <span class='ocrx_word' id='word_1_200' title='bbox 484 2155 517 2190; x_wconf 87' lang='grc'><strong>4.</strong></span> <span class='ocrx_word' id='word_1_201' title='bbox 549 2156 584 2187; x_wconf 90' lang='lat' dir='ltr'><strong>in</strong></span> <span class='ocrx_word' id='word_1_202' title='bbox 623 2155 800 2187; x_wconf 85' lang='lat' dir='ltr'><strong>Ottonis</strong></span> <span class='ocrx_word' id='word_1_203' title='bbox 842 2157 932 2187; x_wconf 78' lang='lat' dir='ltr'><strong>The-</strong></span> 
     </span>
     <span class='ocr_line' id='line_1_39' title="bbox 295 2201 934 2243; baseline -0.002 -10"><span class='ocrx_word' id='word_1_204' title='bbox 295 2212 389 2234; x_wconf 85' lang='lat' dir='ltr'><strong>saur.</strong></span> <span class='ocrx_word' id='word_1_205' title='bbox 419 2203 487 2233; x_wconf 85' lang='lat' dir='ltr'><strong>iur.</strong></span> <span class='ocrx_word' id='word_1_206' title='bbox 517 2201 617 2233; x_wconf 86' lang='lat' dir='ltr'>Rom.</span> <span class='ocrx_word' id='word_1_207' title='bbox 644 2202 685 2233; x_wconf 83' lang='lat' dir='ltr'><strong>T.</strong></span> <span class='ocrx_word' id='word_1_208' title='bbox 712 2202 758 2232; x_wconf 87' lang='lat'><strong>11.</strong></span> <span class='ocrx_word' id='word_1_209' title='bbox 787 2212 818 2243; x_wconf 89' lang='lat' dir='ltr'><strong>p.</strong></span> <span class='ocrx_word' id='word_1_210' title='bbox 845 2202 934 2236; x_wconf 82' lang='grc'>1176</span> 
     </span>
     <span class='ocr_line' id='line_1_40' title="bbox 295 2244 935 2290; baseline -0.002 -10"><span class='ocrx_word' id='word_1_211' title='bbox 295 2259 347 2290; x_wconf 86' lang='lat' dir='ltr'><strong>sq.</strong></span> <span class='ocrx_word' id='word_1_212' title='bbox 391 2249 450 2288; x_wconf 90' lang='lat' dir='ltr'><strong>qui</strong></span> <span class='ocrx_word' id='word_1_213' title='bbox 494 2248 584 2279; x_wconf 81' lang='lat' dir='ltr'><strong>inter</strong></span> <span class='ocrx_word' id='word_1_214' title='bbox 623 2248 761 2288; x_wconf 77' lang='grc' dir='ltr'>ἔχουσιν</span> <span class='ocrx_word' id='word_1_215' title='bbox 793 2254 827 2279; x_wconf 85' lang='lat' dir='ltr'><strong>et</strong></span> <span class='ocrx_word' id='word_1_216' title='bbox 865 2244 935 2280; x_wconf 84' lang='grc' dir='ltr'>εἶτα</span> 
     </span>
     <span class='ocr_line' id='line_1_41' title="bbox 296 2294 935 2335; baseline 0 -9"><span class='ocrx_word' id='word_1_217' title='bbox 296 2294 555 2335; x_wconf 82' lang='lat' dir='ltr'><strong>interponenda</strong></span> <span class='ocrx_word' id='word_1_218' title='bbox 598 2303 673 2326; x_wconf 86' lang='lat' dir='ltr'><strong>esse</strong></span> <span class='ocrx_word' id='word_1_219' title='bbox 713 2294 846 2326; x_wconf 83' lang='lat' dir='ltr'><strong>iudicat</strong></span> <span class='ocrx_word' id='word_1_220' title='bbox 883 2306 935 2326; x_wconf 80' lang='lat' dir='ltr'><strong>se-</strong></span> 
     </span>
     <span class='ocr_line' id='line_1_42' title="bbox 296 2337 937 2382; baseline -0.002 -11"><span class='ocrx_word' id='word_1_221' title='bbox 296 2341 455 2382; x_wconf 83' lang='lat' dir='ltr'><strong>quentia:</strong></span> <span class='ocrx_word' id='word_1_222' title='bbox 493 2340 546 2370; x_wconf 85' lang='grc' dir='ltr'><strong>καὶ</strong></span> <span class='ocrx_word' id='word_1_223' title='bbox 572 2337 610 2371; x_wconf 69' lang='grc' dir='ltr'><strong>ια’</strong></span> <span class='ocrx_word' id='word_1_224' title='bbox 637 2339 710 2380; x_wconf 82' lang='grc' dir='ltr'><strong>περὶ</strong></span> <span class='ocrx_word' id='word_1_225' title='bbox 742 2340 846 2371; x_wconf 83' lang='grc' dir='ltr'>ταῦτα</span> <span class='ocrx_word' id='word_1_226' title='bbox 872 2337 937 2381; x_wconf 72' lang='grc' dir='ltr'><strong>ὀξὺ</strong></span> 
     </span>
     <span class='ocr_line' id='line_1_43' title="bbox 298 2383 936 2428; baseline 0.003 -12"><span class='ocrx_word' id='word_1_227' title='bbox 298 2404 338 2408; x_wconf 84' lang='grc'>-</span> <span class='ocrx_word' id='word_1_228' title='bbox 365 2383 567 2427; x_wconf 81' lang='grc' dir='ltr'>ἱερωτάτην,</span> <span class='ocrx_word' id='word_1_229' title='bbox 602 2392 724 2428; x_wconf 86' lang='lat' dir='ltr'>utpote</span> <span class='ocrx_word' id='word_1_230' title='bbox 762 2386 839 2418; x_wconf 89' lang='lat' dir='ltr'><strong>loco</strong></span> <span class='ocrx_word' id='word_1_231' title='bbox 872 2397 936 2418; x_wconf 88' lang='lat' dir='ltr'><strong>suo</strong></span> 
     </span>
     <span class='ocr_line' id='line_1_44' title="bbox 295 2432 936 2474; baseline 0 -10"><span class='ocrx_word' id='word_1_232' title='bbox 295 2436 399 2464; x_wconf 85' lang='lat' dir='ltr'><strong>mota.</strong></span> <span class='ocrx_word' id='word_1_233' title='bbox 450 2432 495 2463; x_wconf 85' lang='lat' dir='ltr'><strong>Et</strong></span> <span class='ocrx_word' id='word_1_234' title='bbox 519 2443 638 2474; x_wconf 84' lang='lat' dir='ltr'>presse</span> <span class='ocrx_word' id='word_1_235' title='bbox 669 2433 742 2464; x_wconf 85' lang='lat' dir='ltr'><strong>eius</strong></span> <span class='ocrx_word' id='word_1_236' title='bbox 768 2433 936 2464; x_wconf 88' lang='lat' dir='ltr'><strong>iudicium</strong></span> 
     </span>
     <span class='ocr_line' id='line_1_45' title="bbox 296 2478 936 2518; baseline 0.005 -10"><span class='ocrx_word' id='word_1_237' title='bbox 296 2487 407 2518; x_wconf 83' lang='lat' dir='ltr'>nuper</span> <span class='ocrx_word' id='word_1_238' title='bbox 421 2478 454 2508; x_wconf 92' lang='lat' dir='ltr'><strong>in</strong></span> <span class='ocrx_word' id='word_1_239' title='bbox 476 2478 660 2510; x_wconf 80' lang='lat' dir='ltr'><strong>formanda</strong></span> <span class='ocrx_word' id='word_1_240' title='bbox 679 2479 838 2510; x_wconf 78' lang='lat' dir='ltr'><strong>Platonis</strong></span> <span class='ocrx_word' id='word_1_241' title='bbox 859 2489 936 2511; x_wconf 85' lang='lat' dir='ltr'><strong>ora-</strong></span> 
     </span>
     <span class='ocr_line' id='line_1_46' title="bbox 295 2524 935 2564; baseline 0.003 -10"><span class='ocrx_word' id='word_1_242' title='bbox 295 2524 392 2555; x_wconf 83' lang='lat' dir='ltr'><strong>tione</strong></span> <span class='ocrx_word' id='word_1_243' title='bbox 429 2530 600 2564; x_wconf 81' lang='lat' dir='ltr'><strong>sequutus</strong></span> <span class='ocrx_word' id='word_1_244' title='bbox 645 2530 698 2556; x_wconf 85' lang='lat' dir='ltr'><strong>est</strong></span> <span class='ocrx_word' id='word_1_245' title='bbox 735 2525 935 2556; x_wconf 81' lang='lat' dir='ltr'><strong>Herman-</strong></span> 
     </span>
     <span class='ocr_line' id='line_1_47' title="bbox 295 2571 935 2611; baseline 0.003 -11"><span class='ocrx_word' id='word_1_246' title='bbox 295 2579 385 2608; x_wconf 86' lang='lat' dir='ltr'><strong>nus,</strong></span> <span class='ocrx_word' id='word_1_247' title='bbox 408 2575 649 2611; x_wconf 81' lang='lat' dir='ltr'><strong>praeterquam</strong></span> <span class='ocrx_word' id='word_1_248' title='bbox 671 2571 764 2611; x_wconf 90' lang='lat' dir='ltr'><strong>quod</strong></span> <span class='ocrx_word' id='word_1_249' title='bbox 785 2571 814 2602; x_wconf 90' lang='lat' dir='ltr'><strong>is</strong></span> <span class='ocrx_word' id='word_1_250' title='bbox 832 2573 935 2603; x_wconf 83' lang='lat' dir='ltr'><strong>etiam</strong></span> 
     </span>
     <span class='ocr_line' id='line_1_48' title="bbox 295 2611 932 2658; baseline 0.003 -13"><span class='ocrx_word' id='word_1_251' title='bbox 295 2611 454 2656; x_wconf 80' lang='grc' dir='ltr'>ὅπουπερ</span> <span class='ocrx_word' id='word_1_252' title='bbox 479 2617 514 2646; x_wconf 90' lang='lat' dir='ltr'><strong>in</strong></span> <span class='ocrx_word' id='word_1_253' title='bbox 543 2613 635 2647; x_wconf 82' lang='grc' dir='ltr'>ὅπου</span> <span class='ocrx_word' id='word_1_254' title='bbox 661 2614 725 2658; x_wconf 77' lang='grc' dir='ltr'><strong>γὰρ</strong></span> <span class='ocrx_word' id='word_1_255' title='bbox 749 2619 932 2649; x_wconf 85' lang='lat' dir='ltr'><strong>convertit.</strong></span> 
     </span>
     <span class='ocr_line' id='line_1_49' title="bbox 294 2660 933 2703; baseline 0.002 -11"><span class='ocrx_word' id='word_1_256' title='bbox 294 2660 393 2699; x_wconf 84' lang='lat' dir='ltr'>Quae</span> <span class='ocrx_word' id='word_1_257' title='bbox 427 2671 494 2703; x_wconf 92' lang='lat' dir='ltr'><strong>quo</strong></span> <span class='ocrx_word' id='word_1_258' title='bbox 528 2663 603 2694; x_wconf 85' lang='lat' dir='ltr'><strong>iure</strong></span> <span class='ocrx_word' id='word_1_259' title='bbox 639 2663 688 2694; x_wconf 84' lang='lat' dir='ltr'><strong>ita</strong></span> <span class='ocrx_word' id='word_1_260' title='bbox 725 2662 817 2695; x_wconf 79' lang='lat' dir='ltr'><strong>facta</strong></span> <span class='ocrx_word' id='word_1_261' title='bbox 851 2664 933 2702; x_wconf 83' lang='lat' dir='ltr'><strong>sint,</strong></span> 
     </span>
     <span class='ocr_line' id='line_1_50' title="bbox 293 2707 933 2748; baseline 0.006 -10"><span class='ocrx_word' id='word_1_262' title='bbox 293 2707 478 2748; x_wconf 76' lang='lat' dir='ltr'><strong>postmodo</strong></span> <span class='ocrx_word' id='word_1_263' title='bbox 513 2708 728 2747; x_wconf 79' lang='lat' dir='ltr'><strong>videbimus,</strong></span> <span class='ocrx_word' id='word_1_264' title='bbox 763 2709 819 2740; x_wconf 91' lang='lat' dir='ltr'><strong>ubi</strong></span> <span class='ocrx_word' id='word_1_265' title='bbox 847 2709 933 2742; x_wconf 80' lang='lat' dir='ltr'><strong>haec</strong></span> 
     </span>
     <span class='ocr_line' id='line_1_51' title="bbox 290 2754 852 2794; baseline 0.007 -11"><span class='ocrx_word' id='word_1_266' title='bbox 290 2754 369 2794; x_wconf 77' lang='lat' dir='ltr'><strong>ipsa</strong></span> <span class='ocrx_word' id='word_1_267' title='bbox 397 2754 502 2786; x_wconf 79' lang='lat' dir='ltr'><strong>verba</strong></span> <span class='ocrx_word' id='word_1_268' title='bbox 528 2755 710 2787; x_wconf 76' lang='lat' dir='ltr'><strong>tractanda</strong></span> <span class='ocrx_word' id='word_1_269' title='bbox 740 2759 852 2788; x_wconf 81' lang='lat' dir='ltr'><strong>erunt.</strong></span> 
     </span>
    </p>
   </div>
   <div class='ocr_carea' id='block_1_7' title="bbox 1521 915 1647 947">
    <p class='ocr_par' dir='ltr' id='par_1_10' title="bbox 1521 915 1647 947">
     <span class='ocr_line' id='line_1_52' title="bbox 1521 915 1647 947; baseline 0 0"><span class='ocrx_word' id='word_1_270' title='bbox 1521 915 1647 947; x_wconf 77' lang='lat' dir='ltr'><strong>Corre-</strong></span> 
     </span>
    </p>
   </div>
   <div class='ocr_carea' id='block_1_8' title="bbox 1002 1051 1650 2795">
    <p class='ocr_par' dir='ltr' id='par_1_11' title="bbox 1005 1051 1649 1362">
     <span class='ocr_line' id='line_1_53' title="bbox 1052 1051 1647 1094; baseline -0.003 -8"><span class='ocrx_word' id='word_1_271' title='bbox 1052 1052 1116 1086; x_wconf 75' lang='lat' dir='ltr'><strong>als</strong></span> <span class='ocrx_word' id='word_1_272' title='bbox 1141 1053 1254 1085; x_wconf 72' lang='grc' dir='ltr'>ἐστὶν</span> <span class='ocrx_word' id='word_1_273' title='bbox 1281 1052 1322 1083; x_wconf 82' lang='grc' dir='ltr'><strong>ἐν</strong></span> <span class='ocrx_word' id='word_1_274' title='bbox 1356 1054 1401 1094; x_wconf 82' lang='grc' dir='ltr'>τῇ</span> <span class='ocrx_word' id='word_1_275' title='bbox 1429 1051 1558 1093; x_wconf 81' lang='grc' dir='ltr'>φύσει</span> <span class='ocrx_word' id='word_1_276' title='bbox 1584 1052 1647 1094; x_wconf 90' lang='grc'><strong>-]</strong></span> 
     </span>
     <span class='ocr_line' id='line_1_54' title="bbox 1005 1099 1649 1143; baseline -0.002 -11"><span class='ocrx_word' id='word_1_277' title='bbox 1005 1101 1164 1143; x_wconf 92' lang='lat' dir='ltr'><strong>quibus</strong></span> <span class='ocrx_word' id='word_1_278' title='bbox 1190 1100 1375 1131; x_wconf 83' lang='lat' dir='ltr'><strong>insitum</strong></span> <span class='ocrx_word' id='word_1_279' title='bbox 1399 1106 1550 1131; x_wconf 80' lang='lat' dir='ltr'><strong>natura</strong></span> <span class='ocrx_word' id='word_1_280' title='bbox 1571 1099 1649 1131; x_wconf 86' lang='lat' dir='ltr'><strong>hoe</strong></span> 
     </span>
     <span class='ocr_line' id='line_1_55' title="bbox 1005 1146 1648 1187; baseline -0.003 -9"><span class='ocrx_word' id='word_1_281' title='bbox 1005 1152 1088 1185; x_wconf 78' lang='lat' dir='ltr'><strong>est,</strong></span> <span class='ocrx_word' id='word_1_282' title='bbox 1124 1152 1167 1176; x_wconf 89' lang='lat' dir='ltr'><strong>ut</strong></span> <span class='ocrx_word' id='word_1_283' title='bbox 1206 1153 1414 1187; x_wconf 83' lang='lat' dir='ltr'><strong>posteros</strong></span> <span class='ocrx_word' id='word_1_284' title='bbox 1446 1156 1550 1178; x_wconf 86' lang='lat' dir='ltr'><strong>suos</strong></span> <span class='ocrx_word' id='word_1_285' title='bbox 1588 1146 1648 1176; x_wconf 89' lang='lat' dir='ltr'><strong>in-</strong></span> 
     </span>
     <span class='ocr_line' id='line_1_56' title="bbox 1008 1192 1647 1233; baseline -0.003 -9"><span class='ocrx_word' id='word_1_286' title='bbox 1008 1193 1200 1233; x_wconf 81' lang='lat' dir='ltr'><strong>signiter</strong></span> <span class='ocrx_word' id='word_1_287' title='bbox 1244 1197 1396 1223; x_wconf 86' lang='lat' dir='ltr'><strong>curent</strong></span> <span class='ocrx_word' id='word_1_288' title='bbox 1440 1197 1479 1223; x_wconf 80' lang='lat' dir='ltr'><strong>et</strong></span> <span class='ocrx_word' id='word_1_289' title='bbox 1520 1192 1647 1222; x_wconf 74' lang='lat' dir='ltr'><strong>liono-</strong></span> 
     </span>
     <span class='ocr_line' id='line_1_57' title="bbox 1006 1238 1646 1279; baseline -0.003 -10"><span class='ocrx_word' id='word_1_290' title='bbox 1006 1238 1207 1270; x_wconf 78' lang='lat' dir='ltr'><strong>rantibus</strong></span> <span class='ocrx_word' id='word_1_291' title='bbox 1234 1248 1304 1269; x_wconf 85' lang='lat' dir='ltr'><strong>eos</strong></span> <span class='ocrx_word' id='word_1_292' title='bbox 1333 1238 1519 1279; x_wconf 86' lang='lat' dir='ltr'><strong>propitii</strong></span> <span class='ocrx_word' id='word_1_293' title='bbox 1547 1238 1646 1276; x_wconf 71' lang='lat' dir='ltr'><strong>sint,</strong></span> 
     </span>
     <span class='ocr_line' id='line_1_58' title="bbox 1008 1283 1647 1343; baseline -0.003 -27"><span class='ocrx_word' id='word_1_294' title='bbox 1008 1284 1344 1324; x_wconf 71' lang='lat' dir='ltr'><strong>negligentilus</strong></span> <span class='ocrx_word' id='word_1_295' title='bbox 1372 1289 1521 1343; x_wconf 80' lang='lat' dir='ltr'><strong>autern</strong></span> <span class='ocrx_word' id='word_1_296' title='bbox 1564 1283 1647 1314; x_wconf 78' lang='lat' dir='ltr'><strong>ira-</strong></span> 
     </span>
     <span class='ocr_line' id='line_1_59' title="bbox 1007 1337 1199 1362; baseline -0.011 0"><span class='ocrx_word' id='word_1_297' title='bbox 1007 1337 1199 1362; x_wconf 82' lang='lat' dir='ltr'><strong>scantur</strong></span> 
     </span>
    </p>

    <p class='ocr_par' dir='ltr' id='par_1_12' title="bbox 1002 1372 1650 2795">
     <span class='ocr_line' id='line_1_60' title="bbox 1053 1372 1650 1416; baseline -0.003 -10"><span class='ocrx_word' id='word_1_298' title='bbox 1053 1375 1110 1406; x_wconf 81' lang='grc' dir='ltr'>ἔτι</span> <span class='ocrx_word' id='word_1_299' title='bbox 1154 1374 1196 1406; x_wconf 80' lang='grc' dir='ltr'><strong>δὲ</strong></span> <span class='ocrx_word' id='word_1_300' title='bbox 1241 1372 1314 1406; x_wconf 78' lang='grc' dir='ltr'>τὰς</span> <span class='ocrx_word' id='word_1_301' title='bbox 1361 1375 1441 1405; x_wconf 80' lang='grc' dir='ltr'>τῶν</span> <span class='ocrx_word' id='word_1_302' title='bbox 1483 1372 1650 1416; x_wconf 76' lang='grc' dir='ltr'>ζώιτων</span> 
     </span>
     <span class='ocr_line' id='line_1_61' title="bbox 1007 1420 1648 1463; baseline -0.002 -11"><span class='ocrx_word' id='word_1_303' title='bbox 1007 1421 1120 1463; x_wconf 78' lang='grc' dir='ltr'>μέν,]</span> <span class='ocrx_word' id='word_1_304' title='bbox 1149 1421 1217 1452; x_wconf 79' lang='lat' dir='ltr'><strong>Hic</strong></span> <span class='ocrx_word' id='word_1_305' title='bbox 1250 1431 1389 1462; x_wconf 86' lang='lat' dir='ltr'><strong>quoque</strong></span> <span class='ocrx_word' id='word_1_306' title='bbox 1416 1431 1458 1453; x_wconf 85' lang='lat' dir='ltr'><strong>ex</strong></span> <span class='ocrx_word' id='word_1_307' title='bbox 1491 1420 1648 1462; x_wconf 78' lang='lat' dir='ltr'><strong>superio·</strong></span> 
     </span>
     <span class='ocr_line' id='line_1_62' title="bbox 1007 1467 1650 1508; baseline -0.002 -10"><span class='ocrx_word' id='word_1_308' title='bbox 1007 1468 1104 1499; x_wconf 88' lang='lat' dir='ltr'><strong>ribus</strong></span> <span class='ocrx_word' id='word_1_309' title='bbox 1137 1467 1404 1508; x_wconf 82' lang='lat' dir='ltr'><strong>intelligendum</strong></span> <span class='ocrx_word' id='word_1_310' title='bbox 1439 1467 1650 1508; x_wconf 76' lang='lat' dir='ltr'><strong>relinquitur</strong></span> 
     </span>
     <span class='ocr_line' id='line_1_63' title="bbox 1009 1492 1648 1554; baseline 0 -10"><span class='ocrx_word' id='word_1_311' title='bbox 1009 1513 1229 1554; x_wconf 59' lang='grc' dir='ltr'>φοβείσηθωι</span> <span class='ocrx_word' id='word_1_312' title='bbox 1252 1492 1339 1545; x_wconf 59' lang='lat' dir='ltr'><strong>”Sed</strong></span> <span class='ocrx_word' id='word_1_313' title='bbox 1364 1513 1446 1544; x_wconf 81' lang='lat' dir='ltr'><strong>inde</strong></span> <span class='ocrx_word' id='word_1_314' title='bbox 1472 1523 1493 1544; x_wconf 87' lang='lat' dir='ltr'>a</span> <span class='ocrx_word' id='word_1_315' title='bbox 1520 1512 1648 1551; x_wconf 86' lang='lat' dir='ltr'><strong>verbis,</strong></span> 
     </span>
     <span class='ocr_line' id='line_1_64' title="bbox 1010 1554 1647 1600; baseline 0 -10"><span class='ocrx_word' id='word_1_316' title='bbox 1010 1557 1168 1600; x_wconf 78' lang='grc' dir='ltr'>ὅπουπερ</span> <span class='ocrx_word' id='word_1_317' title='bbox 1204 1556 1302 1590; x_wconf 76' lang='grc' dir='ltr'>πόλις</span> <span class='ocrx_word' id='word_1_318' title='bbox 1347 1554 1546 1597; x_wconf 78' lang='grc' dir='ltr'>ει’νομοῦσα</span> <span class='ocrx_word' id='word_1_319' title='bbox 1589 1569 1647 1590; x_wconf 85' lang='grc' dir='ltr'><strong>ευ-</strong></span> 
     </span>
     <span class='ocr_line' id='line_1_65' title="bbox 1005 1604 1648 1644; baseline -0.002 -8"><span class='ocrx_word' id='word_1_320' title='bbox 1005 1604 1162 1644; x_wconf 85' lang='grc' dir='ltr'>δαιμονεῖ</span> <span class='ocrx_word' id='word_1_321' title='bbox 1180 1616 1208 1638; x_wconf 84' lang='grc' dir='ltr'><strong>κ.</strong></span> <span class='ocrx_word' id='word_1_322' title='bbox 1237 1616 1262 1638; x_wconf 89' lang='grc' dir='ltr'><strong>τ.</strong></span> <span class='ocrx_word' id='word_1_323' title='bbox 1288 1605 1313 1635; x_wconf 75' lang='grc' dir='ltr'><strong>λ.</strong></span> <span class='ocrx_word' id='word_1_324' title='bbox 1341 1605 1391 1636; x_wconf 86' lang='lat' dir='ltr'><strong>rei</strong></span> <span class='ocrx_word' id='word_1_325' title='bbox 1417 1605 1648 1636; x_wconf 83' lang='lat' dir='ltr'><strong>illustrandae</strong></span> 
     </span>
     <span class='ocr_line' id='line_1_66' title="bbox 1003 1651 1647 1692; baseline -0.006 -9"><span class='ocrx_word' id='word_1_326' title='bbox 1003 1653 1117 1692; x_wconf 82' lang='lat' dir='ltr'><strong>gratia</strong></span> <span class='ocrx_word' id='word_1_327' title='bbox 1149 1651 1298 1683; x_wconf 75' lang='lat' dir='ltr'><strong>infertur</strong></span> <span class='ocrx_word' id='word_1_328' title='bbox 1338 1652 1511 1682; x_wconf 78' lang='lat' dir='ltr'><strong>sententia</strong></span> <span class='ocrx_word' id='word_1_329' title='bbox 1543 1651 1647 1681; x_wconf 83' lang='lat' dir='ltr'><strong>haec:</strong></span> 
     </span>
     <span class='ocr_line' id='line_1_67' title="bbox 1004 1697 1648 1737; baseline -0.002 -8"><span class='ocrx_word' id='word_1_330' title='bbox 1004 1708 1096 1729; x_wconf 86' lang='lat' dir='ltr'><strong>nam</strong></span> <span class='ocrx_word' id='word_1_331' title='bbox 1119 1698 1192 1729; x_wconf 89' lang='lat' dir='ltr'><strong>ubi</strong></span> <span class='ocrx_word' id='word_1_332' title='bbox 1212 1697 1338 1728; x_wconf 88' lang='lat' dir='ltr'><strong>bonis</strong></span> <span class='ocrx_word' id='word_1_333' title='bbox 1357 1697 1530 1737; x_wconf 86' lang='lat' dir='ltr'><strong>legibus</strong></span> <span class='ocrx_word' id='word_1_334' title='bbox 1551 1702 1648 1728; x_wconf 85' lang='lat' dir='ltr'><strong>tem·</strong></span> 
     </span>
     <span class='ocr_line' id='line_1_68' title="bbox 1003 1742 1647 1784; baseline -0.003 -9"><span class='ocrx_word' id='word_1_335' title='bbox 1003 1749 1157 1784; x_wconf 83' lang='lat' dir='ltr'><strong>perata</strong></span> <span class='ocrx_word' id='word_1_336' title='bbox 1182 1744 1344 1774; x_wconf 81' lang='lat' dir='ltr'><strong>civitas</strong></span> <span class='ocrx_word' id='word_1_337' title='bbox 1368 1742 1647 1782; x_wconf 75' lang='lat' dir='ltr'><strong>f1‹›ret‚istos</strong></span> 
     </span>
     <span class='ocr_line' id='line_1_69' title="bbox 1003 1789 1648 1829; baseline -0.002 -9"><span class='ocrx_word' id='word_1_338' title='bbox 1003 1790 1094 1820; x_wconf 89' lang='lat' dir='ltr'><strong>filii</strong></span> <span class='ocrx_word' id='word_1_339' title='bbox 1144 1790 1348 1829; x_wconf 79' lang='lat' dir='ltr'><strong>filiorum</strong></span> <span class='ocrx_word' id='word_1_340' title='bbox 1388 1789 1460 1829; x_wconf 91' lang='lat' dir='ltr'><strong>pio</strong></span> <span class='ocrx_word' id='word_1_341' title='bbox 1503 1798 1648 1820; x_wconf 80' lang='lat' dir='ltr'><strong>amore</strong></span> 
     </span>
     <span class='ocr_line' id='line_1_70' title="bbox 1004 1829 1648 1875; baseline -0.005 -8"><span class='ocrx_word' id='word_1_342' title='bbox 1004 1829 1206 1867; x_wconf 73' lang='lat' dir='ltr'><strong>colentes</strong></span> <span class='ocrx_word' id='word_1_343' title='bbox 1266 1837 1422 1865; x_wconf 80' lang='lat' dir='ltr'><strong>vitam</strong></span> <span class='ocrx_word' id='word_1_344' title='bbox 1477 1835 1648 1875; x_wconf 75' lang='lat' dir='ltr'><strong>degunt</strong></span> 
     </span>
     <span class='ocr_line' id='line_1_71' title="bbox 1006 1880 1646 1921; baseline -0.003 -8"><span class='ocrx_word' id='word_1_345' title='bbox 1006 1892 1097 1913; x_wconf 84' lang='lat' dir='ltr'><strong>cum</strong></span> <span class='ocrx_word' id='word_1_346' title='bbox 1124 1882 1378 1921; x_wconf 82' lang='lat' dir='ltr'><strong>voluptate,</strong></span> <span class='ocrx_word' id='word_1_347' title='bbox 1411 1880 1444 1912; x_wconf 83' lang='lat' dir='ltr'><strong>h.</strong></span> <span class='ocrx_word' id='word_1_348' title='bbox 1471 1890 1499 1912; x_wconf 86' lang='lat' dir='ltr'><strong>e.</strong></span> <span class='ocrx_word' id='word_1_349' title='bbox 1526 1880 1646 1911; x_wconf 84' lang='lat' dir='ltr'><strong>luben-</strong></span> 
     </span>
     <span class='ocr_line' id='line_1_72' title="bbox 1006 1927 1646 1967; baseline -0.002 -9"><span class='ocrx_word' id='word_1_350' title='bbox 1006 1929 1140 1959; x_wconf 76' lang='lat' dir='ltr'><strong>tissime</strong></span> <span class='ocrx_word' id='word_1_351' title='bbox 1187 1937 1248 1967; x_wconf 80' lang='lat' dir='ltr'><strong>per</strong></span> <span class='ocrx_word' id='word_1_352' title='bbox 1289 1933 1398 1957; x_wconf 82' lang='lat' dir='ltr'><strong>totam</strong></span> <span class='ocrx_word' id='word_1_353' title='bbox 1441 1927 1546 1958; x_wconf 80' lang='lat' dir='ltr'><strong>vitam</strong></span> <span class='ocrx_word' id='word_1_354' title='bbox 1589 1935 1646 1957; x_wconf 86' lang='lat' dir='ltr'><strong>co-</strong></span> 
     </span>
     <span class='ocr_line' id='line_1_73' title="bbox 1007 1971 1646 2013; baseline -0.005 -8"><span class='ocrx_word' id='word_1_355' title='bbox 1007 1974 1081 2005; x_wconf 88' lang='lat' dir='ltr'><strong>lunt</strong></span> <span class='ocrx_word' id='word_1_356' title='bbox 1098 1983 1138 2005; x_wconf 84' lang='lat' dir='ltr'><strong>ac</strong></span> <span class='ocrx_word' id='word_1_357' title='bbox 1160 1979 1381 2011; x_wconf 79' lang='lat' dir='ltr'><strong>venerantur,</strong></span> <span class='ocrx_word' id='word_1_358' title='bbox 1408 1977 1470 2003; x_wconf 79' lang='lat' dir='ltr'><strong>etr.</strong></span> <span class='ocrx_word' id='word_1_359' title='bbox 1511 1971 1552 2003; x_wconf 93' lang='lat' dir='ltr'><strong>In</strong></span> <span class='ocrx_word' id='word_1_360' title='bbox 1570 1972 1646 2013; x_wconf 88' lang='lat' dir='ltr'><strong>qui-</strong></span> 
     </span>
     <span class='ocr_line' id='line_1_74' title="bbox 1007 2016 1646 2060; baseline -0.003 -9"><span class='ocrx_word' id='word_1_361' title='bbox 1007 2020 1070 2051; x_wconf 89' lang='lat' dir='ltr'><strong>bus</strong></span> <span class='ocrx_word' id='word_1_362' title='bbox 1097 2020 1191 2060; x_wconf 87' lang='lat' dir='ltr'><strong>quod</strong></span> <span class='ocrx_word' id='word_1_363' title='bbox 1213 2016 1276 2060; x_wconf 77' lang='grc' dir='ltr'><strong>γὰρ</strong></span> <span class='ocrx_word' id='word_1_364' title='bbox 1302 2019 1469 2050; x_wconf 81' lang='lat' dir='ltr'><strong>omissum</strong></span> <span class='ocrx_word' id='word_1_365' title='bbox 1494 2024 1557 2056; x_wconf 82' lang='lat' dir='ltr'><strong>est,</strong></span> <span class='ocrx_word' id='word_1_366' title='bbox 1587 2027 1646 2049; x_wconf 86' lang='lat' dir='ltr'><strong>ne-</strong></span> 
     </span>
     <span class='ocr_line' id='line_1_75' title="bbox 1006 2061 1646 2107; baseline -0.005 -10"><span class='ocrx_word' id='word_1_367' title='bbox 1006 2076 1072 2107; x_wconf 83' lang='lat' dir='ltr'><strong>que</strong></span> <span class='ocrx_word' id='word_1_368' title='bbox 1118 2066 1302 2105; x_wconf 83' lang='lat' dir='ltr'><strong>scriptum:</strong></span> <span class='ocrx_word' id='word_1_369' title='bbox 1354 2062 1512 2104; x_wconf 79' lang='grc' dir='ltr'>ὅπουπερ</span> <span class='ocrx_word' id='word_1_370' title='bbox 1565 2061 1646 2104; x_wconf 76' lang='grc' dir='ltr'><strong>γὰρ</strong></span> 
     </span>
     <span class='ocr_line' id='line_1_76' title="bbox 1007 2109 1645 2151; baseline -0.003 -9"><span class='ocrx_word' id='word_1_371' title='bbox 1007 2109 1104 2142; x_wconf 74' lang='grc' dir='ltr'>πόλις</span> <span class='ocrx_word' id='word_1_372' title='bbox 1139 2123 1168 2142; x_wconf 80' lang='grc' dir='ltr'><strong>κ.</strong></span> <span class='ocrx_word' id='word_1_373' title='bbox 1197 2122 1220 2140; x_wconf 80' lang='grc' dir='ltr'><strong>τ.</strong></span> <span class='ocrx_word' id='word_1_374' title='bbox 1248 2111 1293 2147; x_wconf 68' lang='grc'><strong>1.,</strong></span> <span class='ocrx_word' id='word_1_375' title='bbox 1328 2110 1645 2151; x_wconf 77' lang='lat' dir='ltr'><strong>frequentissimam</strong></span> 
     </span>
     <span class='ocr_line' id='line_1_77' title="bbox 1005 2155 1645 2197; baseline -0.002 -9"><span class='ocrx_word' id='word_1_376' title='bbox 1005 2167 1081 2188; x_wconf 83' lang='lat' dir='ltr'><strong>esse</strong></span> <span class='ocrx_word' id='word_1_377' title='bbox 1113 2157 1148 2187; x_wconf 92' lang='lat' dir='ltr'><strong>in</strong></span> <span class='ocrx_word' id='word_1_378' title='bbox 1183 2156 1366 2187; x_wconf 80' lang='lat' dir='ltr'><strong>sententiis</strong></span> <span class='ocrx_word' id='word_1_379' title='bbox 1399 2155 1645 2197; x_wconf 79' lang='lat' dir='ltr'><strong>explicationis</strong></span> 
     </span>
     <span class='ocr_line' id='line_1_78' title="bbox 1004 2199 1645 2246; baseline -0.005 -12"><span class='ocrx_word' id='word_1_380' title='bbox 1004 2204 1119 2243; x_wconf 80' lang='lat' dir='ltr'><strong>gratia</strong></span> <span class='ocrx_word' id='word_1_381' title='bbox 1158 2203 1305 2234; x_wconf 82' lang='lat' dir='ltr'><strong>adiectis</strong></span> <span class='ocrx_word' id='word_1_382' title='bbox 1355 2203 1456 2233; x_wconf 83' lang='lat' dir='ltr'><strong>istam</strong></span> <span class='ocrx_word' id='word_1_383' title='bbox 1502 2199 1645 2246; x_wconf 52' lang='lat' dir='ltr'><strong>nonina·-</strong></span> 
     </span>
     <span class='ocr_line' id='line_1_79' title="bbox 1005 2248 1646 2287; baseline -0.003 -7"><span class='ocrx_word' id='word_1_384' title='bbox 1005 2249 1132 2280; x_wconf 84' lang='lat' dir='ltr'><strong>ctionis</strong></span> <span class='ocrx_word' id='word_1_385' title='bbox 1161 2249 1406 2287; x_wconf 83' lang='lat' dir='ltr'><strong>omissionem,</strong></span> <span class='ocrx_word' id='word_1_386' title='bbox 1440 2248 1646 2287; x_wconf 84' lang='lat' dir='ltr'><strong>identidem,</strong></span> 
     </span>
     <span class='ocr_line' id='line_1_80' title="bbox 1005 2292 1646 2334; baseline -0.002 -9"><span class='ocrx_word' id='word_1_387' title='bbox 1005 2296 1112 2326; x_wconf 86' lang='lat' dir='ltr'><strong>veluti</strong></span> <span class='ocrx_word' id='word_1_388' title='bbox 1131 2295 1172 2325; x_wconf 85' lang='lat' dir='ltr'><strong>ad</strong></span> <span class='ocrx_word' id='word_1_389' title='bbox 1194 2293 1301 2334; x_wconf 85' lang='lat' dir='ltr'><strong>Gorg.</strong></span> <span class='ocrx_word' id='word_1_390' title='bbox 1321 2304 1354 2334; x_wconf 89' lang='lat' dir='ltr'><strong>p.</strong></span> <span class='ocrx_word' id='word_1_391' title='bbox 1367 2292 1448 2327; x_wconf 83' lang='lat'>464.</span> <span class='ocrx_word' id='word_1_392' title='bbox 1465 2293 1505 2326; x_wconf 90' lang='lat' dir='ltr'><strong>B.</strong></span> <span class='ocrx_word' id='word_1_393' title='bbox 1523 2293 1646 2334; x_wconf 65' lang='lat' dir='ltr'><strong>Remp.</strong></span> 
     </span>
     <span class='ocr_line' id='line_1_81' title="bbox 1009 2337 1644 2381; baseline -0.002 -10"><span class='ocrx_word' id='word_1_394' title='bbox 1009 2341 1049 2371; x_wconf 88' lang='lat' dir='ltr'><strong>V.</strong></span> <span class='ocrx_word' id='word_1_395' title='bbox 1078 2351 1109 2380; x_wconf 87' lang='lat' dir='ltr'><strong>p.</strong></span> <span class='ocrx_word' id='word_1_396' title='bbox 1137 2340 1217 2373; x_wconf 75' lang='lat'>470.</span> <span class='ocrx_word' id='word_1_397' title='bbox 1255 2340 1295 2371; x_wconf 89' lang='grc' dir='ltr'><strong>Β.</strong></span> <span class='ocrx_word' id='word_1_398' title='bbox 1333 2339 1464 2381; x_wconf 79' lang='lat' dir='ltr'><strong>Cratyl.</strong></span> <span class='ocrx_word' id='word_1_399' title='bbox 1498 2350 1530 2380; x_wconf 90' lang='lat' dir='ltr'><strong>p.</strong></span> <span class='ocrx_word' id='word_1_400' title='bbox 1563 2337 1644 2372; x_wconf 84' lang='lat'>439.</span> 
     </span>
     <span class='ocr_line' id='line_1_82' title="bbox 1006 2384 1644 2427; baseline -0.003 -10"><span class='ocrx_word' id='word_1_401' title='bbox 1006 2385 1045 2417; x_wconf 92' lang='lat' dir='ltr'><strong>C.</strong></span> <span class='ocrx_word' id='word_1_402' title='bbox 1073 2386 1218 2417; x_wconf 75' lang='lat' dir='ltr'><strong>Theaet.</strong></span> <span class='ocrx_word' id='word_1_403' title='bbox 1245 2397 1278 2427; x_wconf 91' lang='lat' dir='ltr'><strong>p.</strong></span> <span class='ocrx_word' id='word_1_404' title='bbox 1306 2385 1384 2419; x_wconf 85' lang='lat'>143.</span> <span class='ocrx_word' id='word_1_405' title='bbox 1414 2389 1457 2417; x_wconf 81' lang='lat' dir='ltr'><strong>A.</strong></span> <span class='ocrx_word' id='word_1_406' title='bbox 1477 2384 1644 2418; x_wconf 84' lang='grc' dir='ltr'><strong>ΧῙ.“918.</strong></span> 
     </span>
     <span class='ocr_line' id='line_1_83' title="bbox 1008 2432 1646 2465; baseline -0.003 -2"><span class='ocrx_word' id='word_1_407' title='bbox 1008 2432 1050 2463; x_wconf 91' lang='lat' dir='ltr'><strong>D.</strong></span> <span class='ocrx_word' id='word_1_408' title='bbox 1071 2433 1115 2465; x_wconf 84' lang='lat' dir='ltr'><strong>al.</strong></span> <span class='ocrx_word' id='word_1_409' title='bbox 1144 2433 1373 2464; x_wconf 80' lang='lat' dir='ltr'><strong>ostendimus.</strong></span> <span class='ocrx_word' id='word_1_410' title='bbox 1412 2432 1569 2464; x_wconf 82' lang='lat' dir='ltr'><strong>Pertinet</strong></span> <span class='ocrx_word' id='word_1_411' title='bbox 1588 2440 1646 2462; x_wconf 82' lang='lat' dir='ltr'><strong>ve·</strong></span> 
     </span>
     <span class='ocr_line' id='line_1_84' title="bbox 1005 2478 1645 2519; baseline -0.003 -10"><span class='ocrx_word' id='word_1_412' title='bbox 1005 2489 1043 2509; x_wconf 81' lang='lat' dir='ltr'><strong>ro</strong></span> <span class='ocrx_word' id='word_1_413' title='bbox 1067 2479 1152 2510; x_wconf 81' lang='lat' dir='ltr'><strong>haee</strong></span> <span class='ocrx_word' id='word_1_414' title='bbox 1173 2479 1346 2510; x_wconf 76' lang='lat' dir='ltr'><strong>sententia</strong></span> <span class='ocrx_word' id='word_1_415' title='bbox 1365 2478 1408 2509; x_wconf 82' lang='lat' dir='ltr'><strong>ad</strong></span> <span class='ocrx_word' id='word_1_416' title='bbox 1433 2483 1645 2519; x_wconf 81' lang='lat' dir='ltr'><strong>postremum</strong></span> 
     </span>
     <span class='ocr_line' id='line_1_85' title="bbox 1004 2523 1646 2565; baseline 0.002 -10"><span class='ocrx_word' id='word_1_417' title='bbox 1004 2525 1193 2556; x_wconf 76' lang='lat' dir='ltr'><strong>membrum</strong></span> <span class='ocrx_word' id='word_1_418' title='bbox 1231 2525 1422 2565; x_wconf 79' lang='lat' dir='ltr'><strong>superioris</strong></span> <span class='ocrx_word' id='word_1_419' title='bbox 1454 2523 1646 2556; x_wconf 85' lang='lat' dir='ltr'><strong>orationis:</strong></span> 
     </span>
     <span class='ocr_line' id='line_1_86' title="bbox 1005 2567 1645 2611; baseline -0.003 -11"><span class='ocrx_word' id='word_1_420' title='bbox 1005 2569 1050 2600; x_wconf 77' lang='grc' dir='ltr'>ἔτι</span> <span class='ocrx_word' id='word_1_421' title='bbox 1094 2569 1130 2601; x_wconf 84' lang='grc' dir='ltr'><strong>δὲ</strong></span> <span class='ocrx_word' id='word_1_422' title='bbox 1172 2568 1230 2601; x_wconf 72' lang='grc' dir='ltr'>τὰς</span> <span class='ocrx_word' id='word_1_423' title='bbox 1269 2571 1334 2601; x_wconf 78' lang='grc' dir='ltr'>τῶν</span> <span class='ocrx_word' id='word_1_424' title='bbox 1368 2567 1504 2611; x_wconf 78' lang='grc' dir='ltr'>ζώντων</span> <span class='ocrx_word' id='word_1_425' title='bbox 1527 2587 1572 2591; x_wconf 90' lang='grc'>-</span> <span class='ocrx_word' id='word_1_426' title='bbox 1600 2579 1645 2599; x_wconf 79' lang='grc' dir='ltr'>τι·</span> 
     </span>
     <span class='ocr_line' id='line_1_87' title="bbox 1002 2614 1644 2659; baseline -0.003 -12"><span class='ocrx_word' id='word_1_427' title='bbox 1002 2619 1095 2654; x_wconf 64' lang='lat' dir='ltr'><strong>pais,</strong></span> <span class='ocrx_word' id='word_1_428' title='bbox 1129 2616 1414 2659; x_wconf 82' lang='lat' dir='ltr'><strong>quandoquidem</strong></span> <span class='ocrx_word' id='word_1_429' title='bbox 1449 2614 1644 2647; x_wconf 76' lang='lat' dir='ltr'><strong>Athenien-</strong></span> 
     </span>
     <span class='ocr_line' id='line_1_88' title="bbox 1002 2661 1645 2705; baseline -0.003 -12"><span class='ocrx_word' id='word_1_430' title='bbox 1002 2663 1050 2694; x_wconf 88' lang='lat' dir='ltr'><strong>sis</strong></span> <span class='ocrx_word' id='word_1_431' title='bbox 1084 2663 1277 2705; x_wconf 81' lang='lat' dir='ltr'><strong>paullisper</strong></span> <span class='ocrx_word' id='word_1_432' title='bbox 1308 2663 1422 2694; x_wconf 77' lang='lat' dir='ltr'><strong>adhuc</strong></span> <span class='ocrx_word' id='word_1_433' title='bbox 1453 2661 1488 2692; x_wconf 93' lang='lat' dir='ltr'><strong>in</strong></span> <span class='ocrx_word' id='word_1_434' title='bbox 1522 2670 1645 2692; x_wconf 86' lang='lat' dir='ltr'><strong>senum</strong></span> 
     </span>
     <span class='ocr_line' id='line_1_89' title="bbox 1003 2706 1645 2741; baseline -0.002 -3"><span class='ocrx_word' id='word_1_435' title='bbox 1003 2710 1214 2741; x_wconf 78' lang='lat' dir='ltr'><strong>verecundia</strong></span> <span class='ocrx_word' id='word_1_436' title='bbox 1227 2706 1486 2740; x_wconf 74' lang='lat' dir='ltr'><strong>consideranda</strong></span> <span class='ocrx_word' id='word_1_437' title='bbox 1503 2710 1538 2738; x_wconf 85' lang='lat' dir='ltr'><strong>et</strong></span> <span class='ocrx_word' id='word_1_438' title='bbox 1551 2715 1645 2738; x_wconf 84' lang='lat' dir='ltr'>com-</span> 
     </span>
     <span class='ocr_line' id='line_1_90' title="bbox 1002 2749 1643 2795; baseline -0.003 -9"><span class='ocrx_word' id='word_1_439' title='bbox 1002 2755 1199 2788; x_wconf 80' lang='lat' dir='ltr'><strong>mendanda</strong></span> <span class='ocrx_word' id='word_1_440' title='bbox 1225 2755 1395 2787; x_wconf 81' lang='lat' dir='ltr'><strong>subsistit.</strong></span> <span class='ocrx_word' id='word_1_441' title='bbox 1424 2753 1548 2795; x_wconf 73' lang='lat' dir='ltr'><strong>Itaque</strong></span> <span class='ocrx_word' id='word_1_442' title='bbox 1564 2749 1643 2784; x_wconf 72' lang='grc' dir='ltr'>τού·</span> 
     </span>
    </p>
   </div>
  </div>
 </body>
</html>
