1781 2971
171 559 251 600 985

285 162 367 203 510
600 159 915 202 INCERTI
958 161 1338 206 AUCTORIS

285 277 450 326 αἴτιον,
501 275 646 332 εὐχαῖς
692 279 823 332 τιμᾶν
870 279 992 333 μα’λα
1038 277 1177 335 χρεών
1209 279 1341 335 χάριν
1377 281 1454 331 τῆς
1490 279 1624 339 εὐφή-

283 359 369 398 μου
416 345 683 401 διαπορείας,
727 346 815 387 τῶν
859 348 902 388 δὲ
946 346 1024 389 δύο
1070 346 1240 390 τούτων
1269 347 1409 399 ζώων,
1458 348 1538 390 τοῦ
1575 345 1618 388 τ’

284 410 327 462 ἐξ
362 412 548 467 αἰθέρος
584 411 736 470 ἑφεξῆς
772 428 814 454 τε
850 410 981 468 ἀέρος
1016 414 1067 455 ού
1104 413 1371 468 διορώμενον
1406 411 1513 456 ὅλον
1547 411 1626 455 αύ-

284 478 374 520 τῶν
420 475 628 533 ἑκάτερον
674 478 784 521 εἶναι
821 479 846 508 *
885 482 956 522 καὶ
994 481 1020 510 *
1062 479 1207 536 παρὸν
1253 479 1306 532 δὴ
1352 483 1536 532 πλησίον
1572 480 1624 522 οὐ

286 545 539 597 κατάὸηλον
576 544 679 600 ἡμῖν
714 549 973 601 γίγνεσθαι,
1019 554 1254 602 μετέχοντα
1298 551 1343 591 δὲ
1374 545 1626 605 ᾳρονήσεως

288 614 578 665 θαυμαστῆς,
613 611 691 655 ἅτε
727 623 876 666 γενους
914 611 1023 656 ὄντα
1061 613 1295 669 εὐμαθοῦς
1330 631 1374 657 τε
1411 617 1481 656 καὶ
1515 613 1624 668 μνή-

281 695 433 734 μονος,
470 678 722 732 γιγνώσκειν
755 682 834 734 μὲν
869 681 1103 735 ξύμπασαν
1146 679 1228 732 τὴν
1261 680 1476 736 ἡμετέραν
1507 679 1624 723 αὐτοὶ

283 746 486 789 διάνοιαν
523 749 735 801 λέγωμεν,
768 750 839 789 καὶ
876 749 954 791 τόν
993 764 1036 790 τε
1073 747 1209 791 καλὸν
1245 747 1369 802 ἡμῶν
1406 750 1477 790 καὶ
1514 747 1626 801 ἀγα-

283 812 379 855 θὸν
422 811 518 867 ἅμα
566 816 843 867 θαυμαστῶς
889 815 1174 866 ἀσπάζεσθαι
1216 818 1287 857 καὶ
1333 813 1411 858 τὸν
1448 814 1624 873 σᾳόδρα

282 879 422 922 κακὸν
457 889 618 933 μισεῖν,
654 879 733 923 ἅτε
764 882 904 933 λύπης
948 887 1186 936 μετέχοντα
1230 879 1338 935 ἤδη·
1385 880 1500 925 θεὸν
1545 885 1624 937 μὲν

281 946 366 1002 γὰρ
404 945 455 999 δὴ
494 945 572 989 τὸν
610 950 731 997 τέλος
761 951 917 1003 ἔχοντα
950 950 1027 1000 τῆς
1065 952 1196 998 θείας
1229 952 1387 1003 μοίρας
1413 950 1488 999 ἔξω
1524 948 1624 991 τού-

284 1031 366 1056 των
411 1012 537 1067 εἶναι,
572 1014 712 1066 λύπης
751 1031 794 1057 τε
833 1019 903 1058 καὶ
937 1013 1111 1067 ἡδονῆς,
1152 1018 1230 1057 τοῦ
1267 1018 1310 1057 δὲ
1349 1023 1529 1073 φρονεῖν
1553 1019 1625 1057 καὶ

375 1168 421 1200 οὗ
456 1169 744 1212 ὁιορώμενον]
779 1168 819 1201 ὂν
850 1169 1057 1213 διορώμενον
1082 1171 1161 1201 Vat.
1196 1168 1233 1201 Ω.
1264 1170 1345 1203 Ven.
1373 1171 1408 1201 Ξ.
1437 1170 1510 1202 vat.
1538 1180 1563 1201 r.
1592 1175 1626 1201 et

284 1216 377 1248 Flor.
403 1226 432 1247 a.
461 1227 489 1247 c.
516 1215 546 1246 δ.
574 1228 604 1247 ο.
641 1216 690 1248 De
716 1216 794 1247 Par
825 1218 864 1248 A.
900 1216 1061 1248 dissentit
1091 1216 1228 1248 Bastius
1253 1227 1272 1248 a
1301 1217 1470 1249 ssekkero.
1498 1226 1528 1247 v.
1552 1216 1624 1248 Ex-

282 1263 414 1316 plicatt.
439 1280 484 1286 --
511 1261 778 1304 dasqnnwaflnoz
804 1264 890 1304 Ang.
917 1273 948 1295 x.
977 1267 1011 1295 et
1038 1261 1129 1294 Flor.
1159 1272 1191 1294 o.

373 1303 487 1339 εἶναι
513 1307 528 1324 ⁸
554 1306 622 1338 καὶ
646 1308 661 1325 *
690 1307 849 1351 παρὸν]
876 1309 968 1340 {ibri
994 1310 1050 1339 καὶ
1076 1318 1144 1342 om.
1170 1318 1201 1339 v.
1229 1307 1415 1350 Explicatt.

326 1422 408 1452 τῶν
436 1419 478 1452 δὲ
502 1419 585 1452 δύο
620 1418 784 1453 τούτων
808 1420 925 1462 ζώων

280 1468 349 1509 -]
380 1469 530 1500 horum
556 1472 704 1499 autem
731 1466 810 1498 duo
837 1467 923 1499 ani-

281 1514 480 1551 matium,
505 1513 618 1552 eius
645 1513 758 1554 quod
785 1523 833 1544 ex
860 1523 922 1545 ae-

281 1559 419 1601 there,
460 1570 505 1592 ae
545 1559 761 1600 deinceps
806 1560 921 1598 eius,

280 1606 392 1646 quod
427 1616 474 1639 ex
513 1607 619 1637 ae're
653 1609 848 1645 constat,
884 1614 920 1636 u-

280 1656 478 1693 trumque
504 1656 739 1683 nontotum
759 1649 919 1691 dispici

281 1696 430 1739 (plane
459 1696 699 1739 cognosci)
735 1696 919 1737 ideoque

280 1752 406 1784 quum
434 1753 573 1785 prope
607 1743 740 1779 adsit,
777 1747 917 1774 tamen

276 1789 401 1821 nobis
427 1799 506 1821 non
533 1789 813 1820 manifestum
842 1788 917 1820 fie-

276 1835 308 1867 ri
334 1834 529 1867 dicamus
555 1840 617 1867 ctr.
652 1834 691 1866 C.
721 1833 784 1865 Fr.
815 1834 917 1866 Her-

277 1890 452 1913 mannus
472 1880 586 1913 desuo
600 1880 713 1913 dedit:
736 1876 810 1911 οὐδ’
829 1877 916 1920 ὁρώ-

276 1937 390 1965 μενον.
421 1927 651 1959 Bekkerus
677 1931 712 1958 et
738 1924 917 1958 Schnei-

277 1972 422 2005 derus:
471 1970 512 2004 ὂν
552 1970 778 2013 διορώμενον,
821 1971 915 2013 quod

275 2019 449 2060 posterior
489 2019 736 2060 interpretatur
769 2017 914 2059 {peliu-

276 2064 430 2097 cidum.
480 2064 551 2097 Sed
579 2065 627 2096 ita
653 2074 765 2105 neque
792 2062 914 2106 διορώ-

275 2122 381 2150 μενον
406 2110 668 2152 pellucidum
699 2111 914 2152 interpretari

275 2157 377 2197 licet,
411 2167 525 2197 neque
558 2153 601 2187 ὅν
637 2156 762 2188 idoneo
797 2156 915 2188 nititur

273 2202 512 2235 fundamento.
561 2201 700 2234 Faisum
719 2203 819 2233 etiam
846 2207 913 2239 est,

273 2248 365 2290 quod
403 2249 628 2281 ssekkerus
660 2248 779 2280 scribit
815 2248 912 2279 Pari-

274 2295 385 2328 sinum
419 2296 463 2327 A.
497 2291 539 2325 ὂν
569 2298 709 2334 tenere,
741 2293 909 2333 siquidem

275 2340 438 2373 Bastio
479 2345 570 2373 teste
612 2340 719 2372 vatic.
765 2337 802 2371 Ω.
850 2349 911 2372 nec

274 2397 358 2420 vero
396 2387 474 2420 Par.
510 2388 554 2418 A.
595 2397 673 2419 eam
704 2386 909 2428 scripturam

274 2433 424 2465 exhibet.
484 2433 647 2465 Ceterum
703 2430 912 2472 διορώμενον

273 2474 359 2510 εἶναι
392 2479 466 2512 fere
501 2478 589 2511 idem
617 2489 694 2511 esse
720 2478 811 2519 quod
838 2476 908 2509 διο-

275 2525 423 2565 ρᾶσθαι,
465 2526 498 2557 in
531 2526 652 2564 vulgus
691 2529 807 2557 notum
845 2527 908 2555 est.

274 2570 364 2602 Post
397 2571 483 2603 εἶναι
510 2571 552 2602 de
581 2571 781 2603 coniectura
809 2570 908 2601 inter-

274 2617 453 2658 posuimus
502 2617 555 2648 καὶ
606 2616 752 2649 steiluiis
810 2620 907 2647 nota-

273 2667 355 2694 tum.
410 2662 501 2696 Tum
542 2663 720 2704 μετέχοι-τα
760 2667 793 2694 et
829 2659 909 2692 ὄντα

272 2714 351 2750 post
387 2707 549 2751 ἑκάτερον
577 2710 705 2741 illatum
740 2708 905 2741 neminem

272 2755 473 2788 morabitur.

1036 1420 1077 1453 P.
1099 1419 1181 1454 985.
1209 1420 1279 1455 ἔξω
1304 1419 1475 1452 τούτων
1500 1418 1623 1460 εἶναι]

991 1467 1046 1499 De
1083 1467 1252 1499 sententia
1294 1466 1382 1498 conf.
1424 1465 1557 1499 Phileb.
1590 1477 1622 1507 p.

989 1513 1044 1547 33.
1073 1513 1112 1545 B.

1037 1559 1075 1590 Β.
1113 1561 1309 1598 πέμπτον
1337 1556 1385 1588 ὃν
1414 1555 1621 1599 ἡμίθεον]

988 1605 1135 1645 „Genus
1148 1603 1622 1645 Nympharum.Pr-imaenim

988 1651 1122 1683 numina
1149 1654 1228 1682 sunt
1255 1650 1379 1681 summi
1406 1648 1468 1689 dii3
1499 1658 1622 1681 secun-

987 1696 1029 1728 da
1056 1702 1135 1728 sunt
1159 1701 1267 1732 astru
1293 1695 1394 1727 tertia
1408 1699 1486 1727 sunt
1503 1693 1621 1727 nethe-

986 1742 1034 1773 rei
1075 1747 1110 1775 et
1152 1746 1272 1783 quarta
1308 1741 1390 1772 aerii
1420 1759 1464 1764 —
1497 1740 1621 1773 distin-

985 1788 1058 1829 guit
1092 1788 1179 1820 enim
1214 1787 1365 1828 scriptor
1397 1786 1531 1827 ignem,
1562 1797 1621 1820 ae-

986 1833 1085 1866 thera
1111 1839 1146 1866 et
1170 1833 1327 1865 aerem.“
1378 1833 1538 1865 Asttus.

1031 1880 1071 1911 C.
1123 1878 1258 1916 ὅντως
1306 1877 1439 1909 ὄντων
1487 1877 1619 1920 ζώων]

986 1925 1031 1958 Η.
1059 1936 1089 1958 e.
1117 1926 1234 1956 θείων.
1260 1943 1304 1947 -—
1354 1924 1438 1956 Dein
1473 1934 1536 1965 pro
1567 1925 1620 1956 λε-

984 1973 1071 2011 χθὲν
1086 1976 1121 2003 et
1146 1983 1236 2002 τισιν
1262 1969 1516 2011 Stephanus
1541 1980 1620 2003 cor-

984 2018 1075 2050 rexit
1102 2018 1291 2057 λεχθεῖσιν,
1316 2017 1373 2058 qui
1399 2021 1552 2056 veretur,
1578 2026 1621 2050 ne

984 2065 1086 2095 etiam
1109 2063 1171 2095 sub
1189 2063 1240 2101 iis,
1267 2072 1355 2103 quae
1380 2064 1538 2104 proxime
1564 2072 1619 2094 se-

983 2114 1154 2150 quuntur,
1179 2107 1318 2149 aliquod
1344 2108 1502 2141 mendum
1531 2107 1618 2140 deii-

983 2160 1095 2187 tescat
1127 2159 1228 2195 atque
1262 2154 1352 2186 adeo
1388 2163 1429 2185 ne
1455 2158 1526 2185 tota
1557 2162 1616 2193 pe-

982 2201 1100 2233 riodus
1128 2202 1220 2231 varie
1256 2200 1300 2230 sit
1326 2198 1501 2232 mendosa.
1553 2198 1616 2231 Cui

981 2246 1106 2278 iudicio
1133 2246 1231 2277 faciie
1263 2246 1338 2286 quis
1367 2244 1616 2286 adstipuletur3

980 2296 1057 2324 sunt
1084 2292 1171 2323 enim
1200 2291 1307 2322 verba
1334 2291 1453 2331 utique
1467 2291 1615 2323 obscura

980 2343 1014 2370 et
1040 2338 1217 2379 perplexa.
1269 2336 1352 2369 Vide
1381 2341 1509 2376 tamen,
1536 2346 1614 2370 num

979 2393 1043 2425 qua
1085 2383 1308 2414 difficultates
1345 2383 1431 2415 istae
1463 2384 1616 2415 minuan-

980 2434 1047 2469 tur,
1065 2429 1120 2460 ubi
1141 2428 1223 2461 haec
1238 2428 1486 2461 observaveris.
1514 2427 1614 2461 Istud

979 2474 1046 2518 ἕπῃ
1073 2483 1162 2506 τινες
1187 2475 1342 2515 ἔνείυχον
1367 2479 1440 2507 est:
1467 2479 1508 2506 ut
1533 2475 1612 2506 8Ιί-

978 2521 1047 2563 qui
1074 2526 1267 2554 nostrum
1302 2522 1338 2552 in
1379 2531 1426 2553 ea
1450 2520 1612 2552 incido-

978 2572 1092 2602 runt,
1129 2566 1157 2598 Ιι.
1186 2577 1214 2599 e.
1249 2567 1274 2598 si
1308 2577 1374 2608 qua
1407 2567 1450 2598 iis
1476 2566 1610 2598 obviarn

978 2617 1166 2650 venerunt,
1215 2624 1243 2646 s.
1294 2613 1333 2644 iis
1375 2617 1611 2645 occurrerunt.

977 2659 1076 2695 Quod
1115 2658 1277 2699 deinceps
1311 2669 1370 2701 per
1407 2661 1525 2701 parte·
1549 2657 1609 2689 de-

977 2707 1126 2737 claratur
1149 2705 1298 2736 uberius.
1332 2704 1496 2746 Pergitur
1521 2703 1609 2736 enim

977 2753 1044 2785 sic:
1078 2750 1098 2791 ιῖ
1129 2749 1219 2782 καθ’
1253 2749 1358 2781 ὕπνον
1395 2770 1435 2774 -
1468 2760 1609 2792 προς-ιυ-
