1781 2971
281 167 362 210 DE
398 165 671 209 LEGIBUS

83 285 221 322 ειπομεν
249 283 302 313 καὶ
329 278 515 322 πρότερον·
544 280 683 333 χρῆται
688 275 722 309 δ’

84 326 213 370 ἀμφοῖν
248 325 294 359 ὠς
319 327 377 369 μιᾶ
409 325 525 367 φύσει
551 325 638 366 πλη
663 321 723 365 ἆρ-

83 373 146 418 χὴν
177 371 248 405 τὸι
284 373 388 405 νοῦν
422 371 551 403 τίθεται
585 370 724 410 μάὶιστα

85 419 232 453 πάντων.
290 418 467 458 Quocirca
509 418 641 450 clarum
684 427 725 449 ao

85 467 307 510 perspicuum
344 475 419 497 esse
457 468 636 506 putamus,
673 473 725 503 ea,

86 523 176 556 quae
207 512 276 544 hoc
300 511 436 552 Legum
466 511 545 541 loco
575 510 618 542 de
650 511 725 541 ani-

86 561 151 592 mis
176 563 344 600 tanquam
371 557 438 588 diis
468 560 550 588 sunt
574 556 727 597 explica<

87 612 136 646 ta,
168 615 245 637 cum
269 605 332 644 iis,
369 611 457 644 quac
491 602 575 633 alibi
601 602 643 633 de
670 611 728 632 eo-

87 653 166 684 dem
180 653 386 691 argumento
408 649 638 687 disseruntur,
657 657 728 678 non

89 697 305 736 discordare,
332 695 394 727 sed
419 704 562 735 prorsus
589 694 729 734 egregie

90 744 290 776 convenire.
320 742 369 772 At
395 750 497 778 vero,
525 740 641 779 inquit
665 739 729 770 ali-

90 791 180 831 quis,
215 789 274 829 qui
308 786 448 817 tandem
479 786 536 824 fit,
567 789 606 815 ut
641 794 730 825 quae

89 834 322 876 philosophus
341 831 426 863 alibi
445 831 487 861 de
509 840 644 862 summo
665 831 730 861 deo

89 881 270 921 exposuit,
296 887 337 909 ea
369 877 425 908 hic
457 876 596 907 silentio
632 886 730 917 prae-

89 926 247 958 terierit?
299 923 491 955 Enimvero
541 922 623 954 sunt
671 922 732 953 illa

90 972 248 1016 profecto
274 969 460 1009 eiusmodi,
487 972 524 998 ut
544 969 597 999 his
621 969 730 999 multo

91 1019 162 1051 sint
203 1016 465 1067 praestantiora
499 1024 539 1046 ac
578 1015 732 1045 luculen-

92 1066 195 1097 tiora.
242 1062 358 1094 Docet
383 1062 474 1093 enim
499 1060 732 1102 philosophus

91 1111 169 1144 aliis
195 1109 283 1141 locis
309 1117 379 1139 non
410 1107 593 1147 ambigue,
627 1116 733 1137 unum

93 1166 170 1189 esse
186 1157 288 1187 deum
308 1159 489 1185 aeternum
514 1157 619 1193 atque
641 1163 732 1185 sum-

92 1212 197 1242 mum,
226 1201 349 1241 (veluti
375 1200 466 1231 Tim.
491 1209 525 1239 p.
551 1198 605 1232 28
622 1198 660 1230 C
677 1197 731 1231 31

93 1260 168 1292 sqq.
181 1247 239 1282 37.
253 1247 294 1278 C.
308 1257 380 1287 sqq.
395 1245 500 1277 Polit.
510 1245 588 1279 270.
605 1245 732 1285 A)qui

93 1306 114 1328 a
131 1295 199 1326 diis
224 1292 360 1332 inferis,
386 1293 537 1332 eiusque
549 1293 585 1322 in
603 1291 733 1322 mundo

94 1340 277 1374 condendo
304 1349 343 1370 ac
368 1338 597 1378 gubernando
627 1337 735 1369 admi-

94 1388 216 1419 nistris
261 1386 297 1416 in
335 1384 482 1416 Timaeo
522 1394 556 1425 p.
592 1382 648 1417 28.
690 1383 736 1413 A.

95 1444 172 1474 sqq.
197 1430 252 1466 34.
279 1431 325 1462 D.
351 1440 424 1471 sqq.
453 1429 514 1463 41.
541 1431 579 1462 Α.
606 1429 650 1460 al.
685 1429 734 1460 di-

96 1484 186 1512 serte
223 1477 446 1509 discernitur.
503 1474 618 1507 Docet
652 1476 735 1506 item

95 1527 189 1558 hunc
214 1524 318 1555 deum
345 1532 516 1554 summum
534 1532 610 1554 esse
630 1521 736 1562 longe

98 1570 406 1613 perfectissimum,
443 1568 547 1600 huius
579 1568 736 1599 universi

96 1620 277 1659 parentem
318 1616 487 1656 optimum
523 1624 564 1645 ac
598 1614 736 1654 sapien-

97 1664 287 1700 tissimum,
319 1661 582 1700 sempiternum,
613 1665 737 1701 poten-

98 1710 284 1748 tissimum,
305 1707 379 1738 veri
398 1710 584 1746 amantem,
597 1707 738 1746 iustum,

99 1759 277 1794 sanctum,
313 1753 464 1794 denique
501 1753 597 1784 omni
628 1753 737 1784 virtu-

97 1807 170 1834 tum
206 1810 334 1842 genere
364 1799 416 1830 ita
443 1803 623 1838 ornatum,
650 1798 739 1830 nihil

97 1853 137 1880 ut
160 1857 201 1879 eo
227 1846 341 1887 possit
365 1845 555 1886 perfectius
581 1849 615 1876 et
636 1845 739 1876 abso-

97 1895 206 1927 lutius
231 1892 318 1933 fingi
342 1896 403 1922 aut
428 1891 589 1932 cogitari.
617 1902 649 1922 v.
674 1890 738 1922 ln-

99 1941 178 1972 dic.
204 1939 250 1970 ad
274 1937 413 1970 Phileb.
438 1937 578 1971 Politic.
599 1937 689 1968 Tim.
705 1941 739 1968 et

98 1986 222 2026 Remp.
255 1994 281 2018 s.
307 1995 340 2015 V.
366 1984 490 2015 Deus.
545 1982 640 2021 Quid
675 1984 740 2024 igi-

100 2032 180 2064 tur?
215 2031 300 2072 quid
330 2030 467 2061 tandem
495 2039 640 2061 caussae
665 2039 740 2061 esse

100 2080 269 2116 dicemus,
295 2086 357 2107 cur
383 2076 486 2107 huius
511 2076 740 2116 praestantis-

101 2126 211 2157 simae
253 2122 433 2154 doctrinae
476 2122 545 2154 hoc
582 2123 661 2154 loco
698 2131 740 2153 ne

101 2170 210 2202 verbo
237 2169 378 2210 quidem
404 2170 534 2200 mentio
560 2168 653 2200 facta
669 2167 739 2199 sit?

101 2216 277 2249 Nimirum
309 2215 401 2245 hunc
428 2215 560 2246 nodum
596 2219 634 2246 ut
666 2214 741 2245 feli-

103 2263 190 2295 citer
224 2261 420 2300 solvamus‚
452 2261 651 2292 meminisse
692 2261 744 2291 iu-

103 2308 213 2346 vabit,
238 2316 409 2348 quaenam
427 2308 472 2338 sit
490 2308 615 2338 horum
634 2307 743 2338 libro-

103 2365 179 2386 rum
228 2352 283 2384 De
306 2353 459 2394 Legibus
495 2354 745 2395 inscriptorum

103 2400 242 2432 indoles
274 2399 438 2440 quodque
471 2409 591 2432 eorum
631 2399 745 2431 consi-

104 2447 202 2478 lium.
244 2444 299 2476 De
324 2454 392 2485 qua
417 2455 454 2477 re
477 2446 578 2478 nobis
594 2447 643 2477 ita
667 2455 744 2486 per-

105 2492 297 2530 suasimus,
332 2495 372 2522 ut
404 2491 589 2523 Platonem
625 2493 745 2523 existi-

106 2544 241 2571 memus
263 2547 401 2568 omnem
426 2538 623 2570 disserendi
639 2539 746 2569 ratio·

105 2595 185 2617 nem
216 2588 467 2624 attemperasse
495 2585 546 2616 illi
581 2585 760 2623 consilio,v

108 2641 177 2673 quo
201 2631 238 2661 in
262 2629 317 2661 his
340 2629 443 2661 'libris
472 2641 543 2663 non
569 2631 747 2672 perfectae

108 2676 262 2709 civitatis
317 2676 470 2716 speciem
526 2677 746 2717 adumbrare,

109 2723 171 2755 sed
194 2732 313 2754 veram
344 2722 522 2754 civitatem
550 2723 667 2764 legum
691 2733 746 2755 sa·

111 2769 240 2811 pientia
274 2777 400 2800 ornare
434 2773 467 2801 et
495 2779 599 2810 quam
633 2770 744 2810 perfe-

708 165 823 207 LIB.
860 164 916 205 X.
961 165 1002 204 l’.

1039 165 1131 205 ΒΜ),
1167 161 1228 204 St.
1354 163 1429 202 189

793 278 981 311 ctissimam
996 277 1127 318 fingere
1141 277 1333 309 constituit.
1349 277 1432 308 Ete-

794 325 863 356 nim
879 334 948 354 non
969 323 1058 355 solet
1072 322 1302 364 philosophus
1316 324 1351 354 in
1365 322 1431 353 Le-

794 380 875 411 gum
890 380 994 410 opere
1008 370 1050 401 ad
1064 370 1235 400 excelsam
1250 369 1344 401 illam
1355 369 1431 409 phi-

792 416 1007 457 losophandi
1041 416 1290 447 sublimitatem
1318 425 1434 447 assur-

795 472 878 503 gere
899 468 959 492 aut
978 461 1217 492 admirabilem
1240 462 1343 493 istam
1365 461 1434 493 dis-

795 508 934 540 serendi
943 507 1172 539 subtilitatem
1181 508 1319 546 sectari,
1331 517 1434 548 quam

797 555 850 586 vel
877 555 919 593 ii,
945 554 1003 594 qui
1029 553 1160 584 habeut
1184 554 1366 594 ingenium
1391 553 1435 585 ad

796 599 1070 642 philosophandi
1107 599 1309 631 facultatem
1337 609 1434 631 exer-

797 647 940 677 citatum
967 649 1000 675 et
1025 645 1219 685 excultum,
1256 647 1315 676 vix
1341 655 1435 678 asse-

797 695 968 732 quuntur3
994 691 1056 721 sed
1082 692 1199 730 potius
1227 692 1271 723 ad
1298 697 1436 732 captum

797 737 978 768 hominum
999 737 1179 776 vulgarem
1195 738 1438 769 accommodat

799 783 929 820 omnia,
957 782 1041 813 satis
1067 782 1200 814 habens
1231 783 1438 824 plerumque

799 830 834 860 in
868 829 911 859 iis
945 828 1097 867 morari,
1130 838 1219 870 quae
1252 830 1297 861 ad
1333 827 1440 869 δόξαν

801 875 853 906 vel
870 878 1000 905 rectam
1026 875 1228 915 opinionem
1243 876 1438 917 pertinent3

799 921 952 962 denique
977 921 1183 961 popularem
1208 923 1366 963 sequitur
1386 932 1440 953 ra-

800 968 942 1006 tionem,
968 967 1017 997 ita
1043 972 1079 997 ut
1106 977 1194 1008 quae
1218 970 1255 1000 in
1283 977 1367 999 vera
1393 969 1440 999 ci-

801 1014 910 1044 vitate
934 1013 1170 1053 reperiuntur,
1207 1024 1247 1045 ea
1272 1019 1441 1056 quantum

800 1059 876 1090 fieri
921 1060 1034 1099 possit
1084 1061 1267 1100 respiciat,
1310 1065 1442 1100 teneat,

801 1109 975 1136 scrutetur
1014 1109 1047 1135 et
1087 1116 1150 1146 pro
1193 1107 1340 1138 consilio
1378 1118 1442 1139 suo

801 1151 973 1183 emendet.
1003 1150 1125 1192 Itaque
1143 1152 1365 1194 hicvquoque
1387 1164 1442 1186 su-

801 1207 856 1229 am
882 1197 925 1228 de
951 1197 1018 1228 diis
1044 1199 1252 1229 sententiam
1281 1210 1356 1231 cum
1382 1206 1443 1241 po-

800 1243 981 1285 pularibus
1004 1244 1232 1283 opinionibus
1259 1246 1445 1277 coniunxit

802 1295 908 1330 atque
943 1291 1157 1321 conciliavit.
1207 1290 1444 1328 Quamobrem

803 1337 911 1368 missa
935 1337 994 1368 illa
1019 1336 1061 1367 de
1087 1346 1155 1367 uno
1182 1338 1248 1368 deo
1269 1339 1443 1376 doctrina,

804 1392 908 1423 quam
941 1383 1157 1423 sapientibus
1193 1384 1311 1424 potius
1341 1394 1445 1425 quam

804 1438 952 1467 maguae
978 1430 1098 1469 populi
1124 1430 1342 1462 multitudini
1362 1440 1444 1462 con-

805 1475 925 1506 venire
965 1475 1154 1515 iudicavit,
1199 1476 1358 1518 adeoque
1393 1481 1445 1508 ta-

804 1521 871 1552 lem
900 1530 977 1552 esse
1002 1521 1192 1553 arbitratus
1219 1527 1286 1562 est,
1321 1527 1360 1554 ut
1383 1523 1446 1554 hu-

806 1568 859 1598 ius
876 1568 1032 1599 universi
1054 1573 1233 1608 parentem
1250 1579 1322 1600 non
1338 1570 1445 1600 modo

805 1613 964 1644 iuvenire
990 1613 1151 1654 difficile,
1186 1624 1305 1646 velum
1341 1616 1445 1647 etiam

805 1661 987 1690 inventum
1019 1661 1125 1701 vulgo
1160 1661 1318 1692 iudicare
1341 1663 1446 1702 plane

807 1701 982 1736 ἀδύνατον
1007 1707 1187 1737 videretur
1207 1707 1320 1749 (Tim.
1342 1718 1374 1748 p.
1389 1707 1447 1741 28.

808 1751 882 1791 0.),
917 1757 1086 1792 quantum
1128 1752 1203 1783 fieri
1244 1754 1359 1794 potuit
1394 1762 1446 1785 sc-

808 1802 937 1839 quutus
974 1802 1026 1829 est
1064 1800 1270 1840 popularem
1304 1801 1447 1840 religio-

808 1854 898 1883 nem,
926 1854 994 1885 qua
1020 1845 1139 1876 sidera
1164 1846 1342 1886 coelestia,
1372 1846 1447 1885 Sol,

805 1890 919 1929 Luna,
944 1891 1026 1930 alia,
1053 1891 1174 1922 divino
1196 1893 1289 1924 cultu
1314 1893 1446 1924 afficie-

806 1937 951 1976 bantur,
981 1947 1023 1968 ex
1048 1946 1159 1978 eaque
1185 1949 1262 1970 cum
1287 1940 1444 1980 philoso-

808 1983 958 2024 phorum
989 1983 1032 2014 de
1062 1985 1179 2015 anima
1211 1986 1389 2017 mundana
1415 1990 1449 2016 et

809 2034 924 2061 mente
959 2028 1078 2060 divina
1121 2030 1235 2062 effatis
1270 2032 1308 2062 in
1344 2042 1448 2063 unum

810 2076 998 2108 coniuncta
1021 2075 1265 2108 demonstrare
1286 2078 1450 2116 instituit,

810 2132 886 2153 esse
927 2121 997 2152 vim
1039 2132 1237 2164 numenque
1280 2124 1450 2162 divinum,

811 2169 909 2200 cuius
954 2172 1041 2198 nutu
1078 2173 1111 2199 et
1154 2170 1302 2201 arbitrio
1345 2180 1449 2211 quum

813 2214 926 2246 omnis
966 2224 1082 2245 rerum
1122 2217 1334 2247 universitas
1378 2220 1450 2247 tum

813 2261 916 2292 etiam
938 2269 993 2291 res
1016 2261 1188 2293 humanae
1213 2267 1380 2303 regantur
1400 2267 1450 2294 at-

814 2317 879 2348 que
904 2307 1153 2346 gubernentur.
1207 2307 1285 2345 Qua
1310 2308 1451 2349 quidem

812 2354 951 2384 ratione
975 2353 1012 2384 id
1043 2357 1095 2384 est
1125 2359 1379 2395 consequutus,
1414 2359 1452 2384 ut

813 2403 847 2430 ct
869 2399 1028 2430 nefariae
1055 2409 1174 2430 eorum
1200 2401 1370 2441 impietati
1395 2410 1452 2432 oc-

813 2448 985 2484 curreret,
1019 2445 1077 2487 qui
1107 2456 1242 2477 omnem
1269 2447 1452 2487 religionis

812 2492 1034 2523 sanctitatem
1056 2492 1264 2532 virtutisque
1289 2502 1453 2525 reveren-

813 2539 896 2569 tiam
929 2543 1086 2569 evertere
1122 2543 1352 2579 conarentur,
1384 2548 1453 2580 qua

811 2585 990 2625 impietate
1015 2585 1146 2615 nullam
1166 2585 1301 2616 civitati
1320 2590 1452 2626 pestem

810 2631 1010 2671 graviorem
1035 2631 1157 2662 inferri
1184 2641 1288 2672 posse
1313 2632 1452 2672 penitus

811 2677 877 2708 sibi
904 2681 1138 2717 persuaserat,
1163 2682 1197 2709 et
1222 2678 1357 2710 civibus
1379 2677 1452 2709 suis

811 2734 887 2756 eam
913 2728 1069 2755 tueretur
1093 2729 1316 2766 servaretque
1337 2734 1451 2756 rerum

812 2770 1011 2802 divinarum
1057 2770 1311 2811 cognitionem,
1350 2779 1451 2811 quam
