1781 2971
231 887 267 926 Ι)

308 107 383 149 155
790 105 1164 149 PLATONIS

409 222 508 264 KA.
586 221 690 270 Πῶς
726 221 805 264 οὐκ
844 221 1024 278 ὀρθῶς,-

408 289 506 330 ΛΘ.
581 285 727 330 Φύσιν
767 289 1011 342 βούλονται
1061 294 1197 344 λέγειν
1235 295 1400 344 γένεσιν
1438 289 1518 342 τὴν
1558 295 1653 346 περὶ

309 354 361 397 τοὶ
403 356 571 411 πρῶτα.
619 357 652 396 εὶ
686 357 744 409 ιδὲ
790 355 1039 413 φανήσεται
1077 356 1196 416 ψυχὴ
1223 359 1421 413 πρῶτον,
1467 358 1519 400 οὐ
1567 361 1654 414 πῦρ

307 421 409 464 οὐδὲ
445 421 560 477 ἀήρ,
609 419 728 477 ψυχὴ
767 421 808 463 δ’
852 428 899 465 ὲν
935 421 1127 478 πρώτοις
1171 430 1453 479 γεγενημένη,
1502 423 1656 480 σχεδὸν

302 488 550 543 ’ὀρθότατα
587 487 735 542 λέγοιτ’
779 486 837 531 ἂν
873 489 984 532 εἶναι
1015 491 1316 550 διαφερόντως
1351 490 1492 549 φύσει.
1531 490 1649 534 ταῦτ’

307 553 411 598 ἔσθ’
456 553 597 604 οὕτως
633 559 814 610 ἔχοντα,
851 555 911 599 ἂν
946 557 1098 615 ψυχήν
1146 574 1211 607 τις
1249 558 1433 618 ἐπιδείξῃ
1470 560 1656 614 πρεσβυ-

309 627 437 677 τέραν
476 615 614 665 οὖσαν
651 621 879 677 σώματος,
918 621 1061 674 ἄλλως
1097 626 1139 667 ὂὲ
1181 624 1400 680 οὐδαμῶς.

411 691 511 732 ΚΛ.
576 687 886 741 Ἀληθὲστατα
924 692 1070 744 λὲγεις.

406 757 504 799 ΑΘ.
579 754 751 799 Οὐκοῦν
788 756 841 799 τὰ
878 757 988 811 μετὰ
1028 759 1170 800 ταῦτα
1207 755 1266 800 ἐπ’
1302 756 1414 803 αὐτὸ
1442 758 1495 811 δὴ
1519 760 1656 802 τοῦτο

309 822 623 878 στελλώμεθαι,

415 892 515 933 ΚΛ.
592 892 644 932 Τι’
677 889 791 944 μήν;

411 957 511 1000 ΑΘ.
585 955 886 1012 Ψυλοέττωμ-εν
915 955 967 1008 δὴ
998 958 1288 1001 παντάπασιν
1315 955 1552 1010 ἀπατηλὸν
1587 957 1660 1001 λό·

310 1040 412 1075 γον,
459 1023 519 1079 μή
566 1040 625 1082 πῃ
671 1024 919 1080 πρεσβύτας
968 1022 1086 1078 ἡμᾶς
1132 1024 1269 1074 ὄντας
1317 1023 1563 1080 νεοπρεπὴς
1598 1022 1659 1068 ὢν

405 1152 496 1185 Πῶς
532 1150 609 1186 οὐκ
646 1151 802 1195 ὀρθιῦ.ς,·
840 1153 921 1187 ΑΘ.
961 1153 1099 1187 Φύσιν
1133 1155 1191 1196 ff]
1227 1154 1286 1188 Sic
1310 1157 1354 1187 A.
1395 1153 1433 1186 Ω.
1465 1166 1493 1187 e.
1521 1166 1553 1188 o.
1582 1156 1659 1188 libri

310 1200 455 1231 Eusebii
492 1206 525 1231 et
561 1201 716 1233 Ficiuus.

310 1243 507 1286 βούλονται.

770 1202 898 1241 Vulgo:
938 1200 1020 1233 ΚΛ.
1051 1201 1149 1243 Π(ῦ6“;
1177 1200 1260 1232 ΑΘ.
1290 1197 1362 1233 Οιῖκ
1399 1197 1521 1242 ὀρθῶς
1554 1200 1661 1242 φύσιν

405 1290 476 1333 τὴν
512 1292 607 1332 περὶ
645 1290 690 1323 ιά
726 1293 886 1335 πρῶτα]
917 1293 1001 1325 Post
1035 1293 1119 1325 haec
1152 1293 1258 1324 verba
1283 1292 1478 1325 Cornarius
1504 1303 1522 1325 e
1547 1293 1661 1325 Ficini

313 1340 602 1380 interpretatione
638 1340 745 1371 inseri
783 1339 943 1372 iubebat:
981 1336 1018 1369 mi
1051 1338 1087 1370 δὲ
1124 1337 1260 1379 σώματα
1293 1339 1426 1371 τιθέασι
1461 1337 1500 1371 τὰ
1535 1340 1659 1380 πρῶτα.

312 1384 382 1416 Sed
407 1385 493 1417 haec
525 1386 698 1417 sententia
731 1391 857 1426 sponte
891 1386 1112 1427 intelligitur,
1139 1391 1177 1417 ut
1212 1387 1392 1418 codicibus
1418 1387 1538 1418 invitis
1574 1387 1661 1418 nihil

313 1432 515 1463 mutandum
544 1432 600 1463 sit.

313 1541 417 1575 αὐτὸ
450 1542 600 1585 nonita,
632 1554 753 1586 quam
786 1554 869 1576 non
897 1554 954 1575 re-

313 1595 379 1622 cte
418 1590 499 1621 hoc
538 1590 633 1630 ipso
667 1591 838 1621 nomine
878 1588 951 1630 φύ-

315 1644 420 1668 σεως
443 1636 692 1677 appellant,
716 1636 954 1676 intelligentes

313 1683 450 1714 scilicet
484 1682 555 1713 vim
581 1686 726 1713 naturae
761 1684 953 1723 generatri-

311 1739 384 1761 cem
410 1738 449 1760 ac
467 1730 750 1769 procreatricem,
777 1739 882 1769 quum
901 1733 952 1761 ta-

309 1785 389 1807 men
414 1784 510 1806 mens
535 1780 570 1805 et
585 1775 723 1806 animus
739 1779 873 1806 tantum
888 1775 952 1807 hac

310 1820 504 1862 generandi
529 1821 563 1852 vi
582 1825 618 1852 et
634 1821 792 1861 potentia
807 1822 950 1862 polleat.

312 1867 573 1909 Loquutionem
624 1867 727 1898 τοῦτο
774 1863 953 1908 ὀνομάζειν

311 1913 564 1944 illustravimus
604 1913 650 1945 ad
693 1913 875 1946 Phaedon.
920 1924 952 1955 p.

311 1959 389 1993 105.
416 1959 459 1990 Ε.
486 1957 605 2000 Symp.
634 1959 711 1994 212.
738 1959 778 1991 C.
805 1960 850 1992 al.

357 2004 397 2039 C.
450 2003 548 2037 Πῶς
573 2000 652 2037 οὐκ
679 2002 843 2046 ὀρθῶςς
868 2003 950 2037 ΑΘ,

315 2049 452 2083 Φύσιν
488 2051 522 2092 β.
571 2052 670 2084 Vett.
717 2053 815 2083 editt.
860 2051 951 2083 KA.

316 2096 413 2134 Πώς;
455 2095 542 2128 ΑΩ.
584 2093 656 2130 Οὐκ
690 2093 811 2138 ὀρθῶς
846 2095 953 2137 φύσιν

312 2141 514 2184 βούλονται.
583 2142 686 2182 Quod
722 2143 953 2176 Bekkerus

314 2191 480 2229 servavit,
507 2189 782 2231 suffragantibus
804 2190 885 2222 huic
900 2200 953 2221 ra-

312 2237 401 2268 tioni
427 2236 532 2268 etiam
560 2236 661 2268 libris
687 2236 845 2268 Eusebii.
882 2235 953 2268 Sed

312 2288 406 2314 recte
443 2283 545 2314 codd.
585 2282 726 2324 quidam
765 2287 847 2325 post
883 2282 955 2314 πῶς

312 2330 479 2361 omittunt
502 2329 592 2360 alius
618 2339 790 2370 personae
816 2329 953 2370 signum

313 2380 347 2407 et
384 2372 449 2405 οὐκ
485 2371 608 2415 ὀρθῶς
642 2385 718 2408 curn
760 2374 839 2406 Πῶς
871 2385 954 2408 con-

314 2423 469 2453 iunctum
489 2420 628 2453 Cliniae
653 2422 858 2455 attribuunt.
885 2420 954 2453 Ne-

315 2477 382 2508 que
408 2468 498 2499 enim
518 2467 650 2500 Clinias
676 2468 744 2499 iam
758 2469 956 2506 sciscitatur

315 2514 357 2545 de
377 2515 549 2558 *universa
574 2515 759 2554 sententia,
786 2524 888 2555 quam
906 2514 955 2545 A-

315 2560 510 2592 theniensis
536 2561 641 2592 modo
668 2561 875 2600 enuntiavit,
894 2560 954 2592 sed

316 2607 454 2647 quaerit
489 2607 531 2638 de
553 2606 637 2637 ‘uno
676 2607 766 2646 isto,
812 2603 855 2648 ἢν
891 2602 956 2637 οὐκ

315 2649 438 2692 ὀρθῶς
462 2650 737 2696 ἐπονομάζουσιν
761 2648 848 2684 αὐτὸ
879 2652 956 2684 τοῦ·

317 2709 371 2732 το,
405 2699 499 2741 quod
536 2700 592 2731 ille
628 2700 778 2730 sermoni
813 2708 876 2730 sno
903 2700 954 2730 in-

1024 1545 1142 1576 seruit.
1204 1544 1246 1576 Id
1275 1544 1370 1585 quod
1397 1544 1529 1586 liquido
1554 1554 1661 1586 appa-

1023 1596 1076 1622 ret
1101 1600 1143 1622 ex
1169 1591 1356 1631 proximis:
1386 1589 1660 1630 Φιὶσιι’βούλοι·-

1023 1647 1073 1668 ται
1106 1636 1214 1678 λέγειν
1245 1635 1378 1677 γένεσιν
1409 1635 1470 1678 τὴν
1509 1638 1584 1677 περὶ
1623 1636 1662 1668 τὰ

1023 1683 1157 1723 πρῶτα,
1191 1683 1224 1714 h.
1251 1692 1280 1714 e.
1314 1683 1470 1714 volunt
1496 1683 1568 1714 illi
1595 1693 1660 1716 na-

1022 1734 1161 1761 turam
1196 1729 1283 1761 dici
1329 1730 1660 1770 generationem

1021 1785 1192 1814 eorum,
1225 1784 1333 1816 quae
1357 1776 1537 1816 primum
1564 1781 1662 1808 orta

1021 1823 1118 1854 sint.
1187 1820 1468 1862 Responsionem
1509 1822 1662 1854 subinde

1020 1868 1066 1900 ad
1091 1867 1298 1899 sententiam
1324 1868 1477 1908 aliquam
1499 1868 1661 1899 interme-

1021 1914 1114 1946 diam
1147 1913 1290 1953 referri,
1320 1913 1413 1945 infra
1445 1925 1477 1955 p.
1503 1913 1583 1948 901.
1615 1916 1660 1947 A.

1022 1960 1252 1991 ostendimus.
1314 1959 1457 1991 Rectam
1489 1961 1661 1992 rationem

1020 2007 1126 2038 etiam
1162 2005 1342 2037 Ficinus
1379 2010 1568 2046 monstrat,
1605 2008 1660 2039 cui

1021 2052 1286 2093 obsequendum
1319 2057 1531 2084 censuerunt
1563 2051 1661 2084 Cor-

1022 2099 1192 2137 n·arius‚
1220 2096 1460 2138 Grouvius‚
1495 2099 1662 2137 Astius,

1021 2145 1103 2185 alii,
1143 2144 1211 2175 nisi
1249 2144 1343 2185 quod
1379 2143 1536 2175 Astius
1581 2149 1662 2176 ante

1023 2188 1131 2230 φύσιν
1174 2187 1364 2230 βούλονται
1405 2189 1660 2222 infel-ciendum

1021 2236 1159 2278 putavit
1181 2233 1268 2276 Ὅτι,
1295 2236 1389 2278 quod
1414 2245 1478 2268 nec
1502 2246 1661 2268 necessa.-

1021 2283 1111 2314 rium
1144 2287 1197 2313 est
1228 2292 1294 2314 nec
1322 2292 1344 2314 a
1373 2282 1474 2314 libris
1498 2283 1662 2325 suppedi-

1021 2333 1141 2361 tatum.

1068 2371 1176 2415 ψυχὴ
1202 2369 1235 2404 δ’
1260 2372 1302 2404 ἐι·
1331 2371 1516 2414 πρώτοις
1549 2383 1659 2415 γεγε·

1023 2420 1198 2462 ιἠμὲνη]
1235 2419 1290 2451 De
1319 2420 1385 2452 hac
1414 2419 1600 2452 iteratione
1627 2430 1659 2451 v.

1022 2468 1065 2499 ad
1102 2477 1134 2508 p.
1161 2466 1239 2500 889.
1266 2466 1307 2497 E.
1343 2484 1384 2490 -—
1433 2461 1542 2498 εἶναι
1576 2464 1658 2497 δια-

1024 2511 1249 2554 φερόντως
1285 2510 1414 2552 φύσει
1450 2512 1483 2543 h.
1521 2522 1549 2544 e.
1594 2522 1658 2544 re-

1023 2560 1218 2592 ctissime
1243 2559 1426 2598 dicetur,
1452 2567 1539 2590 eam
1565 2567 1659 2591 esso

1022 2611 1197 2647 praeter
1221 2609 1370 2637 cetera
1395 2601 1538 2644 φύσει,
1569 2604 1604 2635 h.
1630 2614 1658 2637 e.

1021 2653 1090 2692 ita,
1131 2657 1168 2684 ut
1207 2650 1397 2692 generandi
1432 2649 1659 2692 procreandi-

1024 2708 1089 2739 que
1131 2700 1162 2730 vi
1205 2698 1352 2738 polleat,
1393 2696 1658 2738 siquidem-illi
