1781 2971
262 442 341 482 073

372 201 420 238 54
837 196 1214 240 PLATONIS

373 312 586 368 ὑστέροις·
639 313 715 354 τοῦ
763 315 847 367 γὰρ
892 315 1045 357 κοινοῦ
1089 315 1362 368 μιανθέντος
1405 318 1594 370 αἵματος
1641 315 1719 358 οὐκ

373 379 484 423 εἶναι
527 380 756 433 κάθαρσιν
790 376 951 431 ἄλλην,
988 379 1088 423 οὐδὲ
1124 382 1338 423 ἔκπλυτον
1374 382 1544 424 ἐθέλειν
1582 385 1721 435 γίγνε-

374 448 487 489 σθαι
507 444 554 487 τὸ
579 446 778 498 μιανθὲν
801 446 905 501 πρὶν
920 445 1066 504 φόνον
1089 445 1215 504 φόνῳ
1236 444 1374 502 ὁμοίῳ
1397 444 1601 501 ὅμοιονὴ
1618 446 1720 504 δροί-

374 526 488 553 σασα
527 510 647 569 ψυχὴ
685 512 780 571 τίσῃ
821 514 892 553 καὶ
929 511 1074 564 πάσης
1109 515 1186 564 τῆς
1221 513 1469 566 ξυγγενείας
1515 512 1595 557 τὸν
1632 517 1720 557 θυ-

374 579 460 632 μὸν
496 578 809 636 ἀφιλασαμένη
839 581 1027 638 κοιμίσῃ.
1067 580 1210 621 ταῦτα
1247 581 1299 631 δὴ
1337 579 1460 635 παρὰ
1488 582 1610 623 θεῶν
1644 584 1722 635 μέν

375 661 477 688 τινα
521 643 807 703 φοβούμενον
851 644 932 695 τὰς
979 649 1188 699 τιμωρίας
1241 646 1471 701 εἴργεσθαι
1513 645 1597 702 χρὴ
1642 645 1724 696 τὰς

377 709 599 762 τοιαύτας.
639 715 673 755 εὶ
710 714 754 754 δὲ
791 728 913 761 τινας
957 710 1097 761 οὕτως
1145 712 1292 753 ἀθλία
1341 711 1548 770 ξυμφορὰ
1587 729 1723 756 κατα-

374 778 529 833 λάβοι,
574 776 680 828 ὥρη
720 778 887 834 πατρὸς
926 776 948 830 ἢ
983 777 1150 834 μητρὸς
1187 777 1213 830 ἢ
1249 778 1455 836 ἀδελᾳῶν
1500 777 1526 831 ἦ
1564 784 1722 823 τέκνων

375 851 420 888 ὲκ
465 848 679 900 προνοίας
729 849 935 895 ἑκουσίως
991 858 1140 904 ψυχην
1195 848 1415 900 τολμῆσαι
1463 846 1724 901 ἀποστερεῖν

375 910 593 968 σώματος,
630 910 653 954 ὸ
691 909 811 966 παρὰ
851 914 929 955 τοῦ
967 914 1146 964 θνητοῦ
1185 915 1440 966 νομοθέτου
1478 911 1612 968 νόμος
1640 908 1723 956 ὧδε

372 981 469 1035 περὶ
490 981 578 1020 τῶν
600 977 813 1020 τοιούτων
839 981 1092 1031 νομοθετεῖ·
1119 977 1384 1036 προῤῥήσεις
1406 982 1486 1033 μὲν
1515 979 1596 1029 τὰς
1626 986 1723 1036 περὶ

376 1047 453 1087 τοῦ
473 1046 561 1087 τῶν
585 1047 780 1099 νομίμων
799 1044 1030 1099 εἴργεσθαι
1053 1049 1123 1087 καὶ
1150 1046 1306 1098 ἐγγύας
1333 1044 1411 1095 τὰς
1435 1044 1578 1096 αὐτὰς
1599 1046 1724 1098 εἶναι,

373 1109 583 1166 καθάπερ
619 1109 798 1169 ὲρῥήθη
837 1120 928 1161 τοῖς
964 1114 1243 1166 ἔμπροσθεν·
1294 1111 1371 1154 ἐὰν
1423 1115 1467 1155 δὲ
1507 1129 1571 1162 τις
1607 1110 1723 1174 ὄφλῃ

468 1242 505 1274 Ρ.
531 1242 608 1276 873.
658 1244 758 1282 πρὶν
792 1241 949 1284 φόνον]
982 1243 1059 1283 πρὶν
1085 1240 1126 1273 ἄν
1156 1253 1190 1281 φ.
1225 1243 1315 1273 coni.
1346 1243 1472 1275 Astius.
1524 1242 1617 1274 Dein
1644 1245 1723 1275 τίσει

374 1287 397 1318 ἱ.
426 1288 458 1319 h.
486 1298 512 1318 r.
541 1286 570 1319 δ.
598 1299 627 1322 ο.
656 1294 689 1319 et
713 1299 816 1329 snper
842 1299 930 1321 vers.
961 1286 998 1318 Ω.
1024 1299 1053 1319 a.
1095 1288 1186 1319 Tum
1212 1289 1317 1328 vulgo
1343 1286 1500 1328 κοιμήσῃ.
1549 1288 1655 1321 Recte
1683 1294 1721 1322 Α.

378 1333 414 1364 Ξ.
430 1335 463 1365 h.
488 1334 521 1364 h.
538 1343 568 1365 a.
590 1345 618 1368 c.
639 1344 671 1365 x.
695 1339 727 1365 et
748 1344 797 1375 pr.
818 1345 861 1366 m.
886 1332 923 1365 Ω.
951 1336 1098 1373 κοιμίσῃ.
1125 1333 1219 1364 Flor.
1249 1343 1278 1365 a.
1301 1332 1329 1364 ὅ.
1355 1339 1389 1364 et
1414 1344 1471 1365 sec
1500 1331 1536 1364 Ω.
1566 1338 1721 1373 κοιμίσει.

468 1379 595 1411 ταῦτα
632 1377 678 1421 δὴ
718 1377 826 1420 παρὰ
862 1380 1003 1418 θεῶν]
1033 1380 1074 1410 V.
1103 1377 1153 1415 δὲ,
1192 1379 1286 1420 quod
1322 1384 1515 1411 correctum
1542 1390 1583 1411 ex
1620 1381 1724 1413 codd.

376 1426 547 1457 omnibus.
597 1426 681 1457 Mox
710 1423 731 1466 ἢ
755 1425 881 1466 μητρὸς
909 1437 973 1457 om.
1002 1435 1031 1458 a.
1058 1431 1091 1457 et
1117 1435 1166 1465 pr.
1202 1421 1238 1457 Ω.

376 1538 528 1569 vicissim
560 1543 640 1578 post
675 1535 734 1568 ἐάν
766 1538 868 1569 etiam
902 1535 935 1567 εἰ
961 1538 1012 1568 in-

374 1583 458 1615 ferri
489 1583 620 1621 solere3
659 1583 700 1615 de
739 1594 807 1625 quo
844 1583 1012 1625 loquendi

373 1639 500 1670 genere
526 1640 556 1662 v.
583 1639 663 1661 ann.
699 1629 745 1661 ad
771 1629 951 1661 Phaedon.
980 1639 1011 1670 p.

373 1675 428 1709 93.
463 1674 504 1707 B.
563 1675 685 1716 Itaque
717 1675 761 1707 ad
794 1672 857 1706 κᾶν
888 1674 1013 1716 μητέρα

372 1721 554 1761 intelligas
590 1716 784 1760 ἀποκτείνῃ.
827 1738 862 1744 -
905 1721 1010 1762 Apud

375 1763 563 1808 ἀναγκαῖον
587 1776 655 1800 om.
680 1763 783 1803 εἶναι,
810 1767 852 1799 de
879 1766 1009 1808 quael·

373 1813 453 1854 lipsi
480 1812 597 1853 paullo
622 1813 757 1845 rariore
783 1824 812 1844 v.
835 1812 1013 1845 Phaedon.

374 1863 411 1900 pt
437 1857 490 1892 74.
525 1858 567 1889 Ε.
599 1863 634 1890 et
664 1869 696 1900 p.
725 1859 801 1892 111.
830 1859 872 1889 A.
928 1858 1014 1890 Mox

375 1905 481 1936 λιπεῖν
510 1900 569 1934 τὸν
595 1904 676 1944 βίον
703 1901 771 1936 ὑπὸ
803 1904 867 1936 τῶν
894 1915 1012 1945 γεννη·

373 1950 509 1982 θέντων
533 1950 679 1993 dicitur,
712 1952 795 1992 quia
820 1950 927 1981 λιπεῖν
954 1948 1013 1981 τὸν

373 1997 455 2037 βίον
489 1995 581 2027 idem
608 2002 660 2029 est
691 1997 786 2038 quod
819 1992 1012 2027 ἀποθανεῖν

373 2053 400 2074 s.
426 2038 710 2085 ἀποκτείνεσθαι,
750 2043 782 2074 h.
818 2052 847 2074 e.
877 2043 1010 2074 inter-

373 2089 472 2126 fici,
499 2088 657 2120 occidi.
686 2098 717 2119 v.
744 2088 940 2120 Fischer.
968 2088 1012 2120 ad

373 2134 516 2166 XVeller.
544 2133 593 2164 11.
619 2144 650 2166 a.
667 2144 701 2176 p.
725 2133 803 2168 441.
832 2133 890 2166 Sic
910 2135 1013 2166 ctiam

372 2179 490 2212 Latini
508 2179 614 2210 mori
637 2185 671 2212 et
690 2181 834 2221 perire
858 2179 907 2211 ab
933 2180 1010 2211 ali-

375 2235 454 2266 quo
481 2224 658 2265 dixerunt,
685 2227 727 2258 de
753 2236 820 2268 quo
847 2236 879 2256 v.
905 2225 1009 2256 Heu-

375 2272 542 2312 singer.
570 2271 615 2303 ad
641 2270 743 2303 offic.
770 2272 797 2303 I.
825 2272 864 2310 2,
898 2270 952 2304 12.
979 2276 1012 2303 et

375 2316 556 2350 Giirenz,
583 2317 628 2348 ad
652 2317 820 2350 Academ.
849 2316 877 2347 Ι.
904 2317 959 2350 11.

446 2360 552 2394 οὐδὲ
594 2362 807 2394 ἔκπλυτον
842 2360 1012 2405 ἐθέλειν

377 2406 635 2449 γίγνεσθαι]
663 2409 856 2451 Eleganter
882 2406 1014 2440 ἐθέλειν

373 2455 479 2486 etiam
507 2454 549 2486 de
576 2454 679 2487 rebus
694 2454 896 2488 inanimatis
913 2464 1013 2487 usur-

373 2501 467 2540 pari,
516 2500 560 2531 ad
597 2500 749 2533 Phaedr.
783 2511 816 2542 p.
853 2499 933 2534 230.
967 2499 1011 2533 D.

373 2544 495 2587 Remp.
522 2545 569 2579 11.
597 2556 631 2587 p.
649 2546 727 2581 370.
755 2547 795 2580 B.
822 2548 866 2579 al.
895 2546 1013 2578 obser-

374 2592 544 2625 vavimus.
605 2591 698 2624 Dein
743 2595 822 2634 πρίν
863 2593 938 2625 sine
972 2589 1013 2623 ἄν

375 2637 729 2678 quod-coniungitur
761 2649 837 2671 eum
868 2638 1011 2670 coniun-

373 2684 485 2722 ctivo,
517 2683 553 2715 id
579 2684 666 2715 nihil
690 2685 821 2717 habere
846 2684 1012 2716 offensio-

373 2729 440 2768 nis,
456 2729 653 2762 ostendisse
670 2731 828 2763 videmur
844 2730 889 2763 ad
899 2729 1011 2762 Phae-

373 2775 453 2806 don·
485 2785 516 2816 p.
534 2773 587 2809 63.
618 2774 655 2807 C.
686 2778 841 2809 Astius
867 2776 945 2816 πρὶν
971 2772 1013 2807 ἂν

1082 1536 1125 1568 de
1168 1537 1372 1569 coniectura
1418 1537 1576 1578 scripsit,
1629 1538 1725 1570 inani

1082 1583 1242 1614 consilio.
1300 1582 1424 1624 Neque
1450 1584 1532 1614 τίσει
1556 1589 1591 1616 et
1616 1587 1722 1624 κοιμί-

1083 1637 1144 1664 σει,
1160 1628 1255 1670 quod
1275 1629 1378 1660 codd.
1394 1630 1558 1662 nonnulli
1582 1629 1724 1670 babent,

1081 1675 1153 1705 ulla
1181 1675 1317 1707 ratione
1344 1675 1564 1716 probandum
1588 1681 1652 1708 est.

1126 1719 1165 1753 P.
1189 1719 1268 1754 873.
1320 1721 1387 1751 καὶ
1413 1718 1611 1762 πάσης-
1637 1731 1722 1753 κοι-

1079 1766 1199 1808 μίσῃ]
1236 1771 1279 1798 et
1314 1768 1450 1799 omnis
1487 1769 1720 1808 cognatio-

1084 1811 1150 1844 nis
1175 1812 1278 1844 iram
1304 1813 1562 1854 placaverit
1585 1818 1723 1856 atque

1083 1858 1333 1891 sedaverit.
1403 1859 1496 1891 Dein
1540 1860 1644 1891 ταῦτα
1687 1858 1724 1892 δὲ

1081 1908 1150 1935 est:
1180 1904 1404 1945 quoeirca3
1429 1906 1723 1946 quamobrem

1082 1959 1113 1980 v.
1146 1951 1192 1981 ad
1224 1948 1387 1991 Sympos.
1417 1960 1453 1991 p.
1485 1950 1565 1985 174
1599 1953 1644 1986 A.
1676 1970 1721 1976 -

1081 1992 1125 2025 ἐκ
1159 1998 1369 2050 προνοίᾳς
1400 1995 1623 2030 ἑκουσίως
1659 2007 1721 2038 po-

1080 2041 1184 2073 situm
1210 2039 1246 2072 ἐκ
1272 2034 1508 2083 παραλλὴλου,
1539 2048 1577 2075 ut
1602 2053 1722 2085 perpe-

1081 2096 1154 2118 ram
1170 2086 1335 2128 Stepha
1350 2098 1370 2119 n
1383 2098 1430 2120 us
1456 2099 1511 2120 και
1526 2094 1607 2122 ante
1622 2089 1722 2121 ἑκου-

1081 2133 1165 2164 σι’ως
1201 2134 1466 2165 desideraverit.
1492 2152 1536 2158 —
1583 2133 1724 2176 ψυχὴν

1081 2178 1290 2219 τολμῆσαι
1341 2175 1603 2221 ἀποστερειν
1649 2179 1721 2212 σαί-

1080 2231 1226 2262 ματοε,
1273 2225 1406 2256 anim
1424 2234 1492 2257 am
1539 2235 1723 2268 corpore

1082 2270 1278 2311 privare3
1318 2280 1398 2303 nam
1429 2281 1556 2312 corpus
1585 2274 1622 2304 in
1658 2272 1724 2305 hac

1083 2315 1155 2347 vita
1188 2317 1347 2348 terrestri
1384 2322 1438 2348 est
1471 2318 1578 2349 animi
1621 2319 1722 2360 qnasi

1081 2361 1319 2394 habitaculum
1345 2367 1448 2404 atque
1473 2364 1588 2404 sedes,
1603 2369 1642 2395 ut
1659 2365 1722 2397 mi·

1081 2417 1197 2439 remur
1214 2408 1375 2449 profecto
1393 2419 1619 2451 magnopere,
1633 2409 1722 2442 Zel-

1082 2454 1218 2496 lelrum
1256 2453 1357 2488 Stud.
1398 2454 1564 2487 Platonn.
1599 2465 1632 2497 p.
1663 2456 1720 2491 90.

1081 2501 1115 2531 in
1141 2500 1207 2532 hac
1232 2500 1441 2541 loquutione
1466 2501 1720 2534 offendisse.—

1083 2544 1190 2585 παρὰ
1225 2548 1299 2578 τοῦ
1332 2546 1500 2587 θνητοῦ
1533 2546 1719 2587 νομοθέ-

1083 2602 1171 2631 του,
1198 2593 1256 2633 qui
1282 2593 1475 2634 opponitur
1498 2592 1641 2625 divinae
1667 2593 1720 2625 illi

1081 2639 1290 2678 narrationi,
1322 2639 1420 2670 euius
1451 2642 1556 2671 antea
1589 2639 1719 2672 mentio

1081 2689 1134 2716 est
1158 2684 1299 2716 iniecta.
1357 2684 1425 2716 Hic
1450 2694 1589 2726 quoque
1615 2695 1718 2717 mor-

1081 2729 1162 2762 tali
1189 2730 1246 2762 isti
1261 2730 1483 2772 legumlatori
1500 2734 1630 2764 temere
1646 2741 1719 2764 mo-

1079 2781 1206 2808 verunt
1231 2776 1518 2809 controversiam.
