1781 2971
219 117 301 158 DE
339 116 610 160 LEGIBUS
643 117 762 160 111ss.
798 117 879 159 XI.
914 117 957 159 P.
993 118 1086 161 927.
1122 119 1215 160 028.
1249 116 1311 159 St.
1375 118 1457 159 :295

99 237 180 278 νῦν
219 237 263 277 δὲ
299 239 357 284 εἰς
391 237 470 289 μὲν
513 233 562 276 τὰ
613 237 798 278 τοιαῦτα
838 234 1071 290 ξύμπαντα
1110 234 1161 277 οὐ
1211 233 1324 278 πολὺ
1361 237 1456 277 δια-

100 307 236 360 φέρον
274 299 297 353 ἡ
336 300 442 357 παρ’
488 300 588 356 ἡμῖν
626 301 823 359 ὀρφανία
868 309 1070 354 κέκτηται
1110 304 1185 353 τῆς
1221 318 1453 356 πατρονο-

98 371 248 423 μικῆς,
289 377 432 423 τιμαῖς
469 372 512 411 δὲ
550 371 624 410 καὶ
668 369 866 423 ἀτιμίαι,ι
901 368 996 422 ἅμα
1035 372 1105 411 καὶ
1143 372 1453 424 ἐπιμελείαισιν

100 435 305 491 οὐδαμῶς
341 437 603 486 ἐξισοῦσθαι
651 439 780 494 φιλεῖ.
817 438 882 480 ὸιο
923 435 975 488 δὴ
1012 440 1107 491 περὶ
1155 438 1287 479 τοῦτο
1324 435 1450 485 αὐτὸ,
1483 436 1564 476 928

101 504 184 554 τὴν
220 503 434 560 ὀρφανῶν
470 510 568 556 περι
617 507 919 557 νομοθεσίαν,
957 503 1375 557 παραμυθούμενός
1411 520 1455 545 τε

100 573 172 612 καὶ
208 569 402 612 ἀπειλῶν
437 568 461 612 ὁ
502 568 637 624 νόμος
683 569 968 613 ἐσπούδακεν.
1020 575 1083 611 ἔτι
1119 568 1159 612 δ’
1199 570 1357 619 ἀπειλή
1394 587 1459 618 τις

100 633 157 679 ἂν
192 636 341 679 τοιάδε
378 636 442 688 εἴη
479 636 601 691 μα’λα
637 641 857 690 &rumpes
886 635 961 686 ’Ὸς
991 634 1049 677 ἂν
1085 638 1237 687 θῆλυν
1270 638 1351 679 εἴτε
1375 633 1456 693 ἄρ’·

99 703 204 760 ρενα
250 701 537 762 ἐπιτροπεύῃ,
588 707 659 744 καὶ
696 702 744 752 ὃς
779 703 836 745 ἂν
885 702 1126 758 ἐπιτρόπου
1173 702 1320 760 (φύλαξ
1368 706 1454 744 τῶν

99 770 422 827 νομοφυλάκων
464 768 694 819 καταστάς
741 772 1020 824 ἐπιμελῆται,
1063 768 1122 823 μὴ
1158 778 1306 826 χεῖρον
1342 769 1456 822 αγα-

100 837 225 879 πιὲτω
264 838 352 878 τῶν
398 834 540 878 αὑτοῦ
587 842 748 878 τέκνων
784 836 861 880 τὸν
902 840 978 889 τῆς
1020 836 1269 894 ὀρφανικῆς
1314 854 1454 892 μετει-

99 904 276 962 ληφότα
324 901 476 958 τύχης,
523 906 631 956 μηδὲ
676 906 762 946 τῶν
797 908 965 947 οἰκείων
1003 905 1089 945 τῶν
1128 906 1208 946 τοῦ
1245 909 1452 961 τρεφομέ-

99 988 180 1014 νου
213 979 361 1027 χεῖρον
393 969 634 1027 χρημάτων
671 974 976 1027 ἐπιμελείσθω,
1010 973 1187 1024 βέλτιον
1223 973 1266 1013 δὲ
1307 969 1330 1023 ἢ
1367 972 1455 1012 τῶν

99 1036 239 1081 αὑτοῦ
276 1038 389 1080 κατα
442 1039 720 1091 προθυμίαν.
776 1042 853 1081 ἕνα
889 1041 933 1080 δὲ
971 1039 1132 1080 τοῦτον
1169 1036 1309 1094 νόμον
1344 1041 1451 1094 ἔχων
1496 1039 1533 1080 Β

100 1105 316 1164 ὀρφανῶν
352 1109 448 1160 πέρι
482 1106 569 1153 πᾶς
613 1110 952 1160 ἐπιτροπευέτω·
1001 1103 1081 1146 ἐὰν
1117 1107 1162 1148 δὲ
1208 1103 1351 1154 ἄλλως
1388 1122 1454 1154 τις

99 1174 197 1227 περὶ
244 1170 297 1214 τὰ
346 1171 532 1214 τοιαῦτα
579 1171 754 1233 πράττῃ
800 1170 922 1227 παρὰ
980 1170 1058 1214 τὸν
1106 1170 1246 1226 νόμον
1304 1170 1452 1222 τόνδε,

191 1325 374 1364 μετρίως
411 1323 742 1366 διειρημένους]
780 1325 895 1366 Vulgo
928 1323 1171 1365 διῃρημένους,
1201 1327 1294 1366 quod
1321 1327 1453 1356 mutavi

101 1381 142 1402 ex
175 1368 212 1403 Ω.
240 1381 329 1402 corr.
356 1376 389 1402 et
414 1371 510 1403 Flor.
539 1382 568 1404 a.
596 1381 686 1404 corr.
713 1370 804 1402 conf.
832 1382 864 1411 p.
889 1370 965 1404 809.
995 1371 1035 1403 Ε.

194 1417 232 1449 Ρ.
260 1416 339 1450 928.
376 1417 416 1448 B.
456 1418 611 1448 τοῦτον
638 1415 770 1455 νόμον
796 1416 914 1458 ἔχων]1
943 1415 1074 1447 τούτων
1099 1414 1216 1455 νόμων
1231 1418 1321 1449 A.et
1341 1427 1391 1457 pr.
1412 1413 1449 1446 Ω.

100 1563 196 1584 nem
245 1553 538 1594 orphanorum
588 1554 741 1585 distin-

100 1608 236 1640 guere
271 1609 291 1630 a
328 1600 420 1631 vita
465 1610 630 1639 eorum,
669 1601 740 1641 qui

99 1646 365 1686 parentibus
401 1651 601 1677 utuntur:
628 1656 741 1677 nunc

99 1696 256 1731 autem,
301 1702 338 1722 re
381 1693 483 1723 aliter
528 1699 742 1732 comparata,

99 1738 248 1770 harum
274 1748 417 1769 rerum
452 1739 635 1769 omnium
673 1739 741 1770 ha-

99 1784 195 1816 bita
219 1785 395 1815 ratione
430 1784 597 1815 orbitas
631 1785 737 1825 apud

100 1840 178 1861 nos
204 1840 287 1861 non
316 1831 495 1861 multum
530 1830 693 1862 differt
719 1841 740 1861 a

101 1876 468 1916 gubernatione
512 1881 621 1916 pate
638 1887 738 1915 rua,

103 1932 353 1963 quamquam
375 1922 542 1953 honore
559 1927 600 1952 et
619 1923 739 1962 igno-

102 1969 235 1999 minia
261 1973 301 1998 et
327 1977 430 1998 cura
456 1968 578 1998 illam
606 1967 739 2009 (pater-

102 2024 182 2045 nam
224 2014 528 2054 gubernationem)
565 2015 739 2045 minime

101 2070 292 2101 aequare
318 2060 443 2091 solet.
493 2060 645 2091 Dativus
668 2058 737 2091 ἐπι-

103 2103 262 2146 τρόποισι
287 2125 327 2128 -
356 2104 504 2145 ἄρχουσί
521 2116 554 2137 τε
569 2111 670 2146 aptus
688 2111 741 2138 est

102 2162 146 2184 ex
171 2151 396 2190 νομοθεσίαν,
419 2152 512 2193 quod
539 2162 664 2183 nomen
687 2157 739 2183 ut-

102 2202 185 2239 pote
210 2199 350 2229 verbale
375 2199 568 2230 rectissime
595 2209 669 2230 cum
700 2209 740 2230 eo

103 2254 185 2275 casu
211 2245 446 2284 coniungitur.
487 2245 740 2276 Accusativum

103 2295 219 2322 autem
262 2290 421 2321 absolute
464 2292 617 2331 positum
665 2301 741 2322 esse

102 2337 228 2376 liquet.
258 2335 370 2368 l'orro
397 2334 648 2378 παραδείγματα
665 2348 740 2377 τρο-

106 2383 176 2422 φῆς
225 2379 357 2412 παίδων
405 2380 610 2422 ἐλευθέρων
647 2384 742 2424 quod

105 2433 434 2465 commemorantur,
459 2434 538 2468 apte
555 2429 622 2460 hoc
642 2430 680 2460 fit
698 2430 743 2461 ad

106 2474 262 2506 universi
289 2475 358 2505 loci
386 2475 605 2514 sententiam,
636 2486 745 2516 quan-

106 2521 296 2562 doquidem
333 2520 427 2551 vitae.
469 2522 662 2552 communis
698 2523 745 2553 le·

106 2577 168 2607 ges
194 2571 229 2598 et
256 2567 417 2597 instituta
442 2567 544 2597 etiam
570 2568 606 2597 in
630 2577 667 2599 re
693 2574 745 2599 tu-

106 2614 200 2644 toria
238 2613 440 2643 iudicantur
475 2622 539 2652 pro
576 2615 745 2654 exemplis

110 2659 225 2690 valere
260 2659 398 2690 debere.
451 2657 507 2688 Ex
538 2669 607 2699 quo
641 2660 743 2691 simul

107 2709 221 2746 patet,
261 2715 321 2736 cur
357 2702 611 2746 παραδείγματα
645 2715 743 2746 prae-

810 1554 971 1585 stabilius
1005 1554 1049 1584 sit
1081 1564 1184 1594 quam
1216 1554 1312 1594 quod
1342 1553 1448 1593 vulgo

810 1600 1029 1631 scribebatur
1072 1598 1293 1640 παράδειγμα.
1355 1599 1448 1630 Tum

809 1646 1002 1686 particulae
1031 1656 1063 1676 τε
1092 1651 1173 1685 post
1198 1644 1449 1686 παραδείγματα

787 1693 926 1731 ‘illatae
961 1692 997 1722 in
1029 1693 1200 1732 proximis
1233 1693 1449 1732 respondent

811 1739 955 1770 voculae
971 1737 1017 1768 ἔτι
1038 1737 1083 1768 δέ.
1126 1738 1286 1779 Denique
1313 1748 1376 1778 pro
1400 1736 1448 1767 ‹Sc-

807 1783 1023 1825 ειρῃμένους,
1055 1784 1096 1814 de
1123 1795 1193 1825 quo
1220 1795 1252 1815 v.
1280 1785 1324 1816 ad
1349 1784 1446 1815 Libr.

810 1830 878 1862 vll.
904 1841 936 1871 p.
964 1829 1042 1863 813.
1071 1831 1114 1860 Α.
1142 1831 1244 1870 vulgo
1272 1830 1446 1862 scribeba-

805 1883 861 1907 tur
886 1874 1125 1916 διῃρημένους,
1152 1877 1245 1917 quod
1269 1887 1373 1917 quum
1394 1878 1446 1907 ni-

805 1923 854 1953 hil
885 1924 998 1962 possit
1032 1922 1230 1962 siguificare
1262 1924 1331 1953 nisi
1363 1922 1446 1954 dis-

807 1973 1025 2008 ceptatos‚
1072 1967 1114 1998 ab
1157 1969 1223 1998 hoc
1269 1969 1346 1999 loco
1398 1971 1449 1999 vi-

804 2016 906 2046 detur
930 2014 1082 2045 alienum
1107 2023 1194 2045 esse.

856 2082 893 2113 Ρ.
920 2081 998 2115 928.
1051 2079 1121 2123 τὴν
1168 2077 1372 2121 ὀρφανῶν
1411 2093 1443 2113 π.

808 2128 1119 2169 νομοθεσιάι·,]
1146 2128 1200 2159 De
1226 2128 1292 2159 hoc
1318 2139 1446 2168 genere

809 2175 1042 2216 appositionis
1069 2186 1100 2205 v.
1128 2175 1172 2205 ad
1190 2174 1299 2215 Gorg.
1314 2185 1347 2215 p.
1366 2175 1445 2208 476.

810 2221 851 2251 Ε.
880 2226 913 2252 et
931 2221 1010 2254 501.
1038 2225 1071 2251 -ἱ,
1099 2226 1132 2251 et
1154 2220 1364 2252 Matthiae
1385 2220 1445 2252 Gr.

809 2267 836 2307 ξ.
863 2266 942 2302 488.

856 2333 905 2376 μὴ
939 2339 1082 2375 χεῖρον
1115 2332 1330 2378 ἀγαπάτω]
1367 2346 1448 2367 non

811 2383 952 2412 minus
988 2382 1182 2422 diligito.
1228 2382 1311 2413 Noli
1338 2384 1449 2423 negli-

810 2438 908 2468 gere,
942 2425 1078 2468 ἀγαπᾶν
1113 2429 1201 2466 dici,
1235 2429 1268 2459 h.
1296 2439 1326 2460 e.
1350 2429 1447 2460 dili-

812 2484 925 2514 gere,
950 2475 1091 2514 magni
1119 2476 1366 2513 aestimare,
1385 2485 1448 2506 nec

812 2531 896 2551 vero
947 2521 1198 2560 φιλοστοργεῖν.
1225 2539 1267 2544 -—
1332 2518 1448 2552 κατὰ

813 2566 1080 2606 προθυμίαν,
1112 2572 1314 2607 quantum
1349 2569 1446 2598 atti-

811 2620 883 2644 net
910 2613 958 2644 ad
992 2618 1201 2652 promtam
1236 2618 1444 2654 paratam-

812 2670 890 2701 que
921 2659 1195 2690 voluntatem.

857 2705 897 2736 B.
950 2702 1060 2746 παρὰ
1091 2702 1164 2736 τὸν
1196 2702 1327 2743 νόμον
1360 2701 1445 2735 τόν-
