1781 2971
599 168 948 212 LATINUS.

147 282 186 315 ἄν
213 291 400 326 usurpetur
440 284 476 315 V.
507 284 582 318 737.
610 285 650 318 B.
679 285 739 318 xl.

144 331 222 364 920.
249 330 288 362 C.

100 394 141 397 —
169 372 190 417 ᾖ
227 381 308 418 post
344 377 493 409 relativa
523 381 627 417 atque
661 383 740 417 post

147 420 207 453 ἐάν
238 423 388 454 omissus
422 423 457 455 ll.
488 421 567 455 655.
601 422 645 453 D.
678 423 738 454 Xl.

145 468 226 502 914.
255 469 300 500 D.
327 468 406 502 932.
434 469 476 500 D.
498 468 577 502 933.
603 469 645 500 E.

101 534 142 537 —
172 515 422 547 deliberativus
434 516 558 547 tertiae
572 525 741 556 personae

146 561 199 592 lv.
225 561 302 594 720.
327 562 372 594 A.

100 624 142 628 —
170 612 250 648 post
283 606 316 638 εἰ
342 608 478 648 positus
515 606 566 641 vl.
593 606 670 641 761.
697 607 740 640 Β.

143 652 216 686 Xll.
243 653 323 687 958.
353 653 393 684 C.

100 717 141 720 —
164 700 366 740 imperativi
393 701 505 731 instar
536 700 583 733 vl.
609 699 742 734 761.B.
771 702 773 742 1

100 747 407 779 constructio:
446 746 529 777 καθ’
571 743 654 778 ὅλον
689 748 742 778 καὶ

145 791 250 832 μέρυέ
274 792 334 823 IV.
360 791 439 825 704.
468 795 512 823 A.

100 856 140 860 -—
170 839 244 868 eius
269 837 413 869 inflexio
447 839 637 883 quaedam,
674 849 742 879 qua

144 889 224 924 post
244 884 410 915 formulas
431 894 473 915 ex
491 884 604 915 εἰναι
630 890 663 915 et
684 888 739 926 yi-

146 929 325 970 γνεσθαι
350 931 564 971 compositas
591 932 641 962 ita
663 942 742 972 per·
771 946 774 960 :

144 977 255 1016 gitur,
286 986 327 1006 ac
359 977 387 1007 si
420 977 563 1007 verbum
589 978 742 1009 activum

146 1022 391 1061 antecesserit,
416 1023 470 1053 lv.
498 1021 576 1056 717.
603 1023 648 1054 D.
679 1024 741 1057 vll.

146 1068 223 1100 759.
251 1067 291 1100 Β.
319 1067 396 1101 760.
422 1069 462 1099 Ε.
489 1068 566 1102 777.
593 1069 635 1102 E.
665 1069 741 1103 vlll.

145 1112 224 1147 8-28.
251 1112 290 1144 C.
316 1113 394 1148 833.
421 1114 465 1148 D.
481 1114 522 1145 E.
550 1114 627 1149 848.
644 1115 743 1150 C.D.

146 1160 206 1190 lX.
233 1159 312 1192 877.
339 1160 383 1190 A.

102 1223 141 1228 -—
171 1206 241 1237 alia
273 1215 383 1247 eaque
422 1207 600 1239 simillima
640 1208 743 1247 ratio,

147 1262 214 1292 qua
240 1256 322 1292 post
340 1252 483 1284 verbum
500 1254 679 1293 passivum
696 1256 745 1285 ita

147 1298 343 1338 pertexitur
361 1301 547 1339 sententia,
574 1310 614 1332 ac
636 1301 665 1332 si
681 1310 744 1341 po-

148 1345 253 1421 {mg
289 1345 335 1375 sit
363 1346 515 1377 activum
547 1346 622 1377 vlll.
661 1346 742 1380 848.

102 1455 143 1459 -
170 1436 332 1467 confusio
359 1438 433 1468 eius
459 1438 650 1479 quaedam,
677 1449 745 1479 qua

148 1487 228 1523 post
256 1478 339 1513 ὤετε
357 1484 507 1515 insertur
522 1485 744 1526 participium

155 1528 218 1558 Vll.
246 1527 322 1561 806.
352 1528 390 1560 C.

104 1592 142 1597 —
181 1575 252 1606 alia
289 1575 511 1608 confusionis
548 1579 682 1618 speeies
721 1579 743 1612 l.

148 1620 227 1653 624.
255 1622 298 1651 A.

103 1668 388 1704 contrarium,
415 1666 468 1698 διὰ
489 1667 597 1707 μέσου
613 1679 743 1701 memo-

149 1718 262 1744 ratum
287 1714 320 1744 ll⁴
350 1713 426 1747 653.
456 1713 494 1747 C.

104 1757 384 1800 Corybantes
415 1759 658 1793 x‘11.790.D.

103 1804 431 1846 Cresphontes
476 1807 524 1837 111.
575 1806 653 1841 683.
696 1808 741 1840 D.

148 1851 228 1884 692.
253 1852 293 1884 B.

104 1895 373 1928 Cretenses
405 1897 426 1927 l.
462 1896 675 1932 624-625.
702 1899 741 1930 C.

151 1943 240 1974 Ibid.
269 1942 314 1974 D.
341 1953 417 1984 sqq.
443 1942 522 1976 641.
549 1943 593 1974 D.
622 1946 666 1976 al.

104 1987 232 2021 Criso
261 1990 339 2020 Vlll.
364 1988 443 2022 840.
472 1990 515 2020 A.

106 2033 292 2066 Curetes
318 2036 385 2068 Vll.
414 2035 491 2068 796.
517 2034 557 2065 B.

106 2082 312 2113 custodes
340 2083 491 2113 civitatis
515 2081 743 2122 philosophia

151 2127 279 2159 debent
304 2137 380 2159 esse
409 2129 535 2159 eruditi
563 2128 636 2161 Xll.
661 2127 740 2162 966.

106 2217 316 2260 Cyclopes
342 2219 392 2250 lll.
420 2218 499 2253 680.
519 2219 559 2252 Β.
586 2219 665 2253 682.
695 2221 741 2252 A.

104 2263 240 2304 Cyrus
276 2265 326 2299 lll.
362 2263 440 2299 694.
470 2267 513 2297 A.
553 2276 627 2309 sqq.
659 2266 727 2300 695

105 2309 146 2343 B.
175 2310 214 2341 D.
241 2310 283 2341 E.

393 2421 451 2454 Ι).

104 2488 328 2520 Daedalus
355 2490 404 2520 111.
430 2489 508 2524 677.
537 2493 574 2524 Α.

105 2535 125 2566 d
135 2544 155 2566 a
165 2545 222 2565 em
234 2545 253 2565 o
264 2545 311 2566 ne
322 2545 353 2566 s:
375 2540 490 2567 aetate
503 2535 667 2569 Saturnia
680 2537 742 2569 ho-

149 2581 300 2612 minibus
326 2582 491 2622 praefecti
520 2583 574 2616 lV.
603 2582 680 2617 713.
702 2583 740 2617 C.

106 2643 146 2648 ›-
175 2627 226 2657 vis
261 2633 295 2658 et
326 2634 453 2659 natura
487 2638 605 2660 eorum
636 2629 740 2671 Epin.

149 2671 228 2705 984.
255 2673 301 2704 A.
330 2683 404 2715 sqq.

104 2717 346 2806 Dgisuqsq.m'
379 2718 456 2754 695.
492 2719 532 2751 C.
559 2730 634 2762 sqq.
660 2720 737 2755 698.

1371 171 1450 211 573

815 283 949 314 Datis
976 282 1023 315 111.
1051 281 1128 317 698.
1154 281 1193 313 C.
1223 282 1267 314 D.

815 330 1004 361 dativus:
1039 339 1102 369 pro
1139 330 1293 369 genitivo
1322 330 1344 360 1,
1373 328 1451 364 629.

865 380 901 406 Α.
937 375 981 406 al.

815 440 858 444 —
885 421 1032 459 ethicus,
1057 431 1124 459 μοι,
1152 430 1217 457 σοι,
1243 417 1330 461 ἡμῖν,
1361 417 1454 464 αὐτῷ

860 468 905 500 al.
930 467 988 498 lV.
1025 466 1102 500 712.
1136 466 1179 500 Β.
1213 467 1268 501 Vl.
1300 467 1378 501 767.
1411 467 1451 499 C.

861 514 932 544 Vll.
960 513 1038 547 793.
1066 512 1104 544 C.

815 579 858 584 —
884 560 1107 591 instrumenti
1131 558 1361 590 substantivis
1376 559 1452 589 iun-

861 612 936 638 ctus
968 606 990 636 l.
1025 605 1103 639 631.
1132 604 1171 636 C.
1206 605 1267 638 lV.
1304 604 1383 638 717.
1413 610 1451 635 Α.

861 652 932 685 vll.
955 650 1034 686 717.
1062 654 1100 683 A.
1122 651 1191 682 Vll.
1211 650 1289 684 813.
1311 655 1350 682 Α.
1371 651 1454 684 Vlll.

862 697 939 732 834.
969 702 1006 731 Α,
1033 697 1106 728 Xll.
1132 697 1209 731 966.
1238 700 1277 728 Α.

816 762 859 768 -—
884 743 1085 775 nominibus
1124 743 1322 774 verbalibus
1355 743 1454 774 addi—

862 797 916 822 tus
943 791 965 821 l.
992 790 1068 824 631.
1091 789 1129 821 D.
1158 789 1216 820 lV.
1245 789 1321 823 717.
1339 788 1380 822 C.
1396 789 1453 820 Vl.

862 837 939 870 762.
966 836 1008 869 E.
1037 836 1119 867 Vlll.
1147 834 1226 870 848.
1254 835 1300 867 X.
1315 834 1393 869 890.
1410 836 1452 866 Ε.

861 883 921 914 XI.
947 881 1026 915 919.
1055 882 1095 912 Ι).

818 948 858 951 -
886 929 1016 970 duplex
1059 929 1119 959 uni
1166 927 1273 959 verbo
1315 928 1452 959 iunctus

863 975 920 1006 Vl.
954 975 1030 1008 751.
1058 977 1098 1004 Α.

817 1033 947 1064 Deus:
979 1031 1132 1062 omnium
1160 1040 1275 1061 rerum
1301 1040 1454 1061 summus

863 1077 1078 1119 gubernator
1102 1077 1160 1107 lv.
1187 1076 1263 1110 709.
1289 1076 1331 1110 B,

819 1144 860 1148 —
889 1128 941 1155 est
965 1123 1194 1164 principium,
1226 1123 1378 1154 medium
1415 1131 1454 1153 ac

862 1170 943 1201 finis
968 1169 1026 1201 lV.
1056 1169 1131 1203 705.
1157 1170 1201 1200 A.
1227 1179 1301 1210 sqq.

818 1236 861 1239 —
886 1220 939 1247 est
964 1216 1118 1247 omnium
1148 1224 1264 1247 rerum
1292 1223 1454 1246 mensura

862 1262 916 1293 Vl.
945 1262 1022 1295 716.
1054 1261 1092 1294 C.
1120 1272 1171 1302 sq.

817 1327 858 1331 —
885 1309 1003 1339 omnia
1026 1306 1123 1339 reeta-
1146 1306 1205 1339 via
1232 1309 1371 1349 peragit
1396 1308 1454 1341 lV.

863 1354 944 1388 716.
969 1355 1011 1385 D.

818 1419 859 1424 —
887 1401 990 1432 donis
1023 1409 1094 1430 non
1130 1401 1364 1440 corrumpitur
1395 1399 1455 1431 lV.

865 1446 942 1481 716.
967 1446 1013 1477 D.
1039 1450 1073 1476 et
1099 1445 1198 1477 Libr.
1224 1445 1273 1477 X.

818 1511 861 1516 --
887 1503 950 1524 nec
987 1492 1116 1532 gaudet
1154 1502 1217 1523 nec
1252 1492 1349 1523 dolet
1383 1491 1454 1523 Vll.

864 1539 940 1572 792.
968 1538 1012 1569 D.

818 1603 860 1606 —
886 1594 1057 1626 quaenam
1083 1584 1114 1615 ei
1141 1584 1235 1615 dona
1254 1593 1294 1614 ac
1310 1592 1456 1616 munera

862 1632 932 1662 sint
958 1630 1196 1662 consecranda
1218 1629 1289 1660 Xll.
1323 1640 1351 1662 c.
1377 1629 1408 1663 7.

821 1695 855 1699 -—
886 1678 970 1718 quid
996 1678 1056 1716 sit,
1090 1676 1229 1717 anquiri
1255 1685 1326 1706 non
1352 1675 1456 1707 debet

867 1724 934 1754 Vll.
962 1723 1041 1756 821.
1070 1726 1108 1754 A.

821 1787 860 1791 —
885 1770 1070 1801 invocatur
1118 1771 1153 1800 in
1203 1769 1454 1809 disputationis

861 1817 1034 1857 principio
1062 1815 1116 1846 lV.
1142 1814 1220 1849 712.
1248 1815 1288 1847 Β.

815 1874 906 1906 Dii:
934 1869 1057 1912 ὁρατοί
1079 1883 1106 1906 s.
1132 1873 1322 1913 coelestes,
1348 1873 1452 1915 Epin.

861 1917 941 1952 984.
967 1919 1013 1950 D.

819 1983 859 1986 —
886 1965 995 1995 viales
1021 1965 1079 1997 Xl.
1106 1963 1186 1997 914.
1217 1963 1256 1995 C.

818 2028 859 2032 ——
885 2010 1029 2041 deorum
1055 2011 1171 2042 omnia
1185 2010 1291 2051 plena
1307 2010 1356 2042 X.
1373 2010 1453 2044 899.

815 2101 1014 2133 dextrum
1047 2102 1192 2133 sinistro
1226 2107 1352 2134 natura
1383 2112 1454 2134 me-

864 2148 932 2178 lius
959 2148 1027 2178 Vll.
1055 2147 1132 2181 794.
1159 2149 1203 2178 A.

815 2194 1036 2225 diaetetae
1062 2194 1134 2225 Xll.
1161 2193 1241 2228 956.
1266 2193 1308 2225 Β.
1334 2204 1407 2236 sqq.

815 2251 1123 2282 dialecticae
1159 2261 1319 2283 munus
1346 2251 1451 2292 Epiri.

860 2297 938 2330 991.
968 2295 1007 2328 C.

815 2343 989 2374 diluvia
1014 2343 1062 2374 lll.
1091 2343 1169 2377 677.
1198 2345 1236 2375 A.

815 2389 1040 2430 Dionysia
1064 2389 1087 2420 1.
1115 2389 1193 2423 637.
1224 2393 1261 2422 Α.

816 2435 1088 2477 Diopompus
1115 2434 1299 2469 v111.840.
1324 2436 1364 2467 A.

815 2481 1026 2513 Dioscuri
1053 2481 1123 2512 Vll.
1151 2481 1228 2515 769.
1253 2481 1294 2515 B.

816 2538 1070 2579 disputatio
1115 2549 1190 2570 cum
1227 2539 1454 2580 navigatione

861 2589 1086 2626 comparatur
1112 2585 1159 2615 X.
1185 2584 1265 2618 893.
1294 2585 1332 2617 Α.

816 2630 1116 2671 dithyrambus
1144 2631 1192 2665 lll.
1219 2631 1297 2665 700.
1322 2632 1368 2666 A.

816 2676 936 2708 dona
983 2678 1142 2718 accipere
1193 2678 1339 2710 vetitum
1380 2677 1453 2709 Xll.

860 2722 941 2758 955.
970 2722 1009 2755 C.

815 2768 960 2802 Dores
992 2769 1040 2804 111.
1066 2768 1143 2803 681.
1169 2768 1208 2802 0-
1235 2780 1312 2812 sqq.
