<?xml version="1.0" encoding="UTF-8"?>
<!DOCTYPE html PUBLIC "-//W3C//DTD XHTML 1.0 Transitional//EN"
    "http://www.w3.org/TR/xhtml1/DTD/xhtml1-transitional.dtd">
<html xmlns="http://www.w3.org/1999/xhtml" xml:lang="en" lang="en">
 <head>
  <title>
</title>
<meta http-equiv="Content-Type" content="text/html;charset=utf-8" />
  <meta name='ocr-system' content='tesseract 3.04.00' />
  <meta name='ocr-capabilities' content='ocr_page ocr_carea ocr_par ocr_line ocrx_word'/>
</head>
<body>
  <div class='ocr_page' id='page_1' title='image "./n3operaomniarecens10platuoft/n3operaomniarecens10platuoft_0327.png"; bbox 0 0 1781 2971; ppageno 0'>
   <div class='ocr_carea' id='block_1_1' title="bbox 69 147 1432 995">
    <p class='ocr_par' dir='ltr' id='par_1_1' title="bbox 69 147 1429 523">
     <span class='ocr_line' id='line_1_1' title="bbox 270 147 1429 194; baseline 0.002 -4"><span class='ocrx_word' id='word_1_1' title='bbox 270 149 350 190; x_wconf 80' lang='lat' dir='ltr'>DE</span> <span class='ocrx_word' id='word_1_2' title='bbox 386 147 659 191; x_wconf 86' lang='lat' dir='ltr'>LEGIBUS</span> <span class='ocrx_word' id='word_1_3' title='bbox 693 147 808 189; x_wconf 85' lang='lat' dir='ltr'>LIB.</span> <span class='ocrx_word' id='word_1_4' title='bbox 840 148 924 190; x_wconf 90' lang='lat' dir='ltr'>Xl.</span> <span class='ocrx_word' id='word_1_5' title='bbox 962 152 1007 194; x_wconf 77' lang='lat' dir='ltr'>P.</span> <span class='ocrx_word' id='word_1_6' title='bbox 1039 151 1134 193; x_wconf 75' lang='lat'>936.</span> <span class='ocrx_word' id='word_1_7' title='bbox 1168 149 1230 192; x_wconf 85' lang='lat' dir='ltr'>St.</span> <span class='ocrx_word' id='word_1_8' title='bbox 1349 152 1429 193; x_wconf 74' lang='lat'>323</span> 
     </span>
     <span class='ocr_line' id='line_1_2' title="bbox 73 267 1428 326; baseline 0 -17"><span class='ocrx_word' id='word_1_9' title='bbox 73 269 261 326; x_wconf 73' lang='grc' dir='ltr'><strong><em>ἐγκρίνῃ,</em></strong></span> <span class='ocrx_word' id='word_1_10' title='bbox 298 270 537 326; x_wconf 77' lang='grc' dir='ltr'><strong><em>προφέρειν</em></strong></span> <span class='ocrx_word' id='word_1_11' title='bbox 563 272 622 318; x_wconf 84' lang='grc' dir='ltr'>εὶς</span> <span class='ocrx_word' id='word_1_12' title='bbox 648 267 696 312; x_wconf 83' lang='grc' dir='ltr'>τὸ</span> <span class='ocrx_word' id='word_1_13' title='bbox 732 276 866 324; x_wconf 74' lang='grc' dir='ltr'><strong><em>μέσον</em></strong></span> <span class='ocrx_word' id='word_1_14' title='bbox 904 269 1051 321; x_wconf 76' lang='grc' dir='ltr'><em>ἐξέστω</em></span> <span class='ocrx_word' id='word_1_15' title='bbox 1083 269 1140 323; x_wconf 79' lang='grc' dir='ltr'>τῷ</span> <span class='ocrx_word' id='word_1_16' title='bbox 1179 269 1428 321; x_wconf 71' lang='grc' dir='ltr'><strong><em>ποιήσαντι,</em></strong></span> 
     </span>
     <span class='ocr_line' id='line_1_3' title="bbox 73 331 1425 394; baseline 0.001 -18"><span class='ocrx_word' id='word_1_17' title='bbox 73 333 96 376; x_wconf 87' lang='grc' dir='ltr'><em>ὃ</em></span> <span class='ocrx_word' id='word_1_18' title='bbox 134 331 175 376; x_wconf 83' lang='grc' dir='ltr'>δ’</span> <span class='ocrx_word' id='word_1_19' title='bbox 213 332 272 376; x_wconf 75' lang='grc' dir='ltr'><strong><em>ἂν</em></strong></span> <span class='ocrx_word' id='word_1_20' title='bbox 305 332 550 394; x_wconf 73' lang='grc' dir='ltr'><strong><em>ἀποκρίνῃ,</em></strong></span> <span class='ocrx_word' id='word_1_21' title='bbox 593 334 702 390; x_wconf 83' lang='grc' dir='ltr'>μήτε</span> <span class='ocrx_word' id='word_1_22' title='bbox 734 335 871 386; x_wconf 78' lang='grc' dir='ltr'><em>αὐτὸς</em></span> <span class='ocrx_word' id='word_1_23' title='bbox 909 334 1228 379; x_wconf 64' lang='grc' dir='ltr'><strong><em>ἐπιδεικνύσθω</em></strong></span> <span class='ocrx_word' id='word_1_24' title='bbox 1273 337 1425 390; x_wconf 77' lang='grc' dir='ltr'><strong><em>μηδενὶ</em></strong></span> 
     </span>
     <span class='ocr_line' id='line_1_4' title="bbox 69 397 1426 462; baseline 0.002 -20"><span class='ocrx_word' id='word_1_25' title='bbox 69 399 180 455; x_wconf 87' lang='grc' dir='ltr'><strong><em>μήτε</em></strong></span> <span class='ocrx_word' id='word_1_26' title='bbox 215 397 354 443; x_wconf 79' lang='grc' dir='ltr'><strong><em>ἄλλον</em></strong></span> <span class='ocrx_word' id='word_1_27' title='bbox 390 402 555 445; x_wconf 84' lang='grc' dir='ltr'><strong><em>δοῦλον</em></strong></span> <span class='ocrx_word' id='word_1_28' title='bbox 589 404 698 456; x_wconf 76' lang='grc' dir='ltr'><strong><em>μήτε</em></strong></span> <span class='ocrx_word' id='word_1_29' title='bbox 733 404 975 458; x_wconf 74' lang='grc' dir='ltr'><strong><em>ἐλεύθερόν</em></strong></span> <span class='ocrx_word' id='word_1_30' title='bbox 1013 419 1119 446; x_wconf 79' lang='grc' dir='ltr'><strong><em>ποτε</em></strong></span> <span class='ocrx_word' id='word_1_31' title='bbox 1154 404 1272 462; x_wconf 60' lang='grc' dir='ltr'><strong><em>φανῇ</em></strong></span> <span class='ocrx_word' id='word_1_32' title='bbox 1308 403 1426 445; x_wconf 62' lang='lat'>‹5:003-</span> 
     </span>
     <span class='ocr_line' id='line_1_5' title="bbox 71 465 1423 525; baseline 0.001 -16"><span class='ocrx_word' id='word_1_33' title='bbox 71 468 162 519; x_wconf 79' lang='grc' dir='ltr'><strong><em>ξας,</em></strong></span> <span class='ocrx_word' id='word_1_34' title='bbox 192 465 216 520; x_wconf 81' lang='grc' dir='ltr'><em>ὴ</em></span> <span class='ocrx_word' id='word_1_35' title='bbox 242 466 378 517; x_wconf 76' lang='grc' dir='ltr'><strong><em>κακὸς</em></strong></span> <span class='ocrx_word' id='word_1_36' title='bbox 399 467 511 511; x_wconf 85' lang='grc' dir='ltr'><strong><em>εἶναι</em></strong></span> <span class='ocrx_word' id='word_1_37' title='bbox 534 469 790 522; x_wconf 65' lang='grc' dir='ltr'><strong><em>δοξκζέσθω</em></strong></span> <span class='ocrx_word' id='word_1_38' title='bbox 815 473 885 514; x_wconf 79' lang='grc' dir='ltr'>καὶ</span> <span class='ocrx_word' id='word_1_39' title='bbox 915 470 1116 523; x_wconf 77' lang='grc' dir='ltr'><strong><em>ἀπειθὴς</em></strong></span> <span class='ocrx_word' id='word_1_40' title='bbox 1135 479 1229 519; x_wconf 83' lang='grc' dir='ltr'><strong><em>τοῖς</em></strong></span> <span class='ocrx_word' id='word_1_41' title='bbox 1256 469 1423 525; x_wconf 83' lang='grc' dir='ltr'><strong><em>νόμοις.</em></strong></span> 
     </span>
    </p>

    <p class='ocr_par' dir='ltr' id='par_1_2' title="bbox 70 530 1432 995">
     <span class='ocr_line' id='line_1_6' title="bbox 177 530 1427 594; baseline 0.002 -18"><span class='ocrx_word' id='word_1_42' title='bbox 177 532 291 594; x_wconf 79' lang='lat' dir='ltr'>Cap.</span> <span class='ocrx_word' id='word_1_43' title='bbox 328 530 460 578; x_wconf 86' lang='lat' dir='ltr'>XIV.</span> <span class='ocrx_word' id='word_1_44' title='bbox 533 535 718 592; x_wconf 83' lang='grc' dir='ltr'><strong><em>Οὶκτρὸς</em></strong></span> <span class='ocrx_word' id='word_1_45' title='bbox 755 537 794 580; x_wconf 79' lang='grc' dir='ltr'><em>ὃ</em></span> <span class='ocrx_word' id='word_1_46' title='bbox 835 536 916 593; x_wconf 79' lang='grc' dir='ltr'>οὐχ</span> <span class='ocrx_word' id='word_1_47' title='bbox 951 534 974 580; x_wconf 85' lang='grc' dir='ltr'><em>ὁ</em></span> <span class='ocrx_word' id='word_1_48' title='bbox 1012 537 1174 579; x_wconf 80' lang='grc' dir='ltr'><strong><em>πεινῶν</em></strong></span> <span class='ocrx_word' id='word_1_49' title='bbox 1211 533 1236 588; x_wconf 82' lang='grc' dir='ltr'><em>ἢ</em></span> <span class='ocrx_word' id='word_1_50' title='bbox 1268 552 1307 577; x_wconf 79' lang='grc' dir='ltr'>τι</span> <span class='ocrx_word' id='word_1_51' title='bbox 1335 552 1427 579; x_wconf 82' lang='grc' dir='ltr'><strong><em>τοι·</em></strong></span> 
     </span>
     <span class='ocr_line' id='line_1_7' title="bbox 74 600 1427 663; baseline 0.001 -20"><span class='ocrx_word' id='word_1_52' title='bbox 74 603 182 645; x_wconf 85' lang='grc' dir='ltr'><strong><em>οῦτο</em></strong></span> <span class='ocrx_word' id='word_1_53' title='bbox 228 616 432 656; x_wconf 80' lang='grc' dir='ltr'><strong><em>πασχων,</em></strong></span> <span class='ocrx_word' id='word_1_54' title='bbox 474 600 573 644; x_wconf 79' lang='grc' dir='ltr'>ἀλλ’</span> <span class='ocrx_word' id='word_1_55' title='bbox 616 601 639 646; x_wconf 87' lang='grc' dir='ltr'><em>ὁ</em></span> <span class='ocrx_word' id='word_1_56' title='bbox 687 606 932 663; x_wconf 82' lang='grc' dir='ltr'><strong><em>σωφρονῶν</em></strong></span> <span class='ocrx_word' id='word_1_57' title='bbox 979 601 1001 655; x_wconf 69' lang='grc' dir='ltr'>ν’]</span> <span class='ocrx_word' id='word_1_58' title='bbox 1052 619 1150 646; x_wconf 78' lang='grc' dir='ltr'><strong><em>τινα</em></strong></span> <span class='ocrx_word' id='word_1_59' title='bbox 1199 602 1365 658; x_wconf 67' lang='grc' dir='ltr'><strong><em>ἀρετὴν</em></strong></span> <span class='ocrx_word' id='word_1_60' title='bbox 1402 601 1427 655; x_wconf 81' lang='grc' dir='ltr'>ἢ</span> 
     </span>
     <span class='ocr_line' id='line_1_8' title="bbox 71 667 1432 730; baseline 0.001 -20"><span class='ocrx_word' id='word_1_61' title='bbox 71 673 201 723; x_wconf 76' lang='grc' dir='ltr'><strong><em>μέρος</em></strong></span> <span class='ocrx_word' id='word_1_62' title='bbox 233 672 342 723; x_wconf 78' lang='grc' dir='ltr'><strong><em>ἔχων</em></strong></span> <span class='ocrx_word' id='word_1_63' title='bbox 379 667 564 720; x_wconf 84' lang='grc' dir='ltr'><em>ταύτης,</em></span> <span class='ocrx_word' id='word_1_64' title='bbox 599 668 658 711; x_wconf 79' lang='grc' dir='ltr'><strong><em>ἄν</em></strong></span> <span class='ocrx_word' id='word_1_65' title='bbox 697 687 797 713; x_wconf 83' lang='grc' dir='ltr'><strong><em>τινα</em></strong></span> <span class='ocrx_word' id='word_1_66' title='bbox 833 668 1073 730; x_wconf 79' lang='grc' dir='ltr'><strong><em>ξυμφοράν</em></strong></span> <span class='ocrx_word' id='word_1_67' title='bbox 1107 668 1218 725; x_wconf 82' lang='grc' dir='ltr'><strong><em>πρὸς</em></strong></span> <span class='ocrx_word' id='word_1_68' title='bbox 1255 670 1432 719; x_wconf 80' lang='grc' dir='ltr'><strong><em>τούτοις</em></strong></span> 
     </span>
     <span class='ocr_line' id='line_1_9' title="bbox 73 733 1430 792; baseline 0.001 -15"><span class='ocrx_word' id='word_1_69' title='bbox 73 737 289 787; x_wconf 81' lang='grc' dir='ltr'><strong><em>κεκτῆται.</em></strong></span> <span class='ocrx_word' id='word_1_70' title='bbox 327 733 393 777; x_wconf 77' lang='grc' dir='ltr'>διὸ</span> <span class='ocrx_word' id='word_1_71' title='bbox 434 735 708 789; x_wconf 77' lang='grc' dir='ltr'><strong><em>θαυμαστὸν</em></strong></span> <span class='ocrx_word' id='word_1_72' title='bbox 744 735 802 779; x_wconf 71' lang='grc' dir='ltr'><strong><em>ἄν</em></strong></span> <span class='ocrx_word' id='word_1_73' title='bbox 837 742 1030 792; x_wconf 72' lang='grc' dir='ltr'><strong><em>γένοιτο,</em></strong></span> <span class='ocrx_word' id='word_1_74' title='bbox 1065 737 1103 779; x_wconf 82' lang='grc' dir='ltr'>εἴ</span> <span class='ocrx_word' id='word_1_75' title='bbox 1139 753 1204 787; x_wconf 84' lang='grc' dir='ltr'>τις</span> <span class='ocrx_word' id='word_1_76' title='bbox 1244 733 1304 778; x_wconf 78' lang='grc' dir='ltr'><strong><em>ὢν</em></strong></span> <span class='ocrx_word' id='word_1_77' title='bbox 1343 753 1430 779; x_wconf 82' lang='grc' dir='ltr'><strong><em>τοι-</em></strong></span> 
     </span>
     <span class='ocr_line' id='line_1_10' title="bbox 75 800 1429 859; baseline 0 -15"><span class='ocrx_word' id='word_1_78' title='bbox 75 803 206 851; x_wconf 88' lang='grc' dir='ltr'><strong><em>οῦτος</em></strong></span> <span class='ocrx_word' id='word_1_79' title='bbox 241 800 492 856; x_wconf 77' lang='grc' dir='ltr'><em>ἀμεληθείη</em></span> <span class='ocrx_word' id='word_1_80' title='bbox 518 800 566 844; x_wconf 86' lang='grc' dir='ltr'>τὸ</span> <span class='ocrx_word' id='word_1_81' title='bbox 605 804 837 859; x_wconf 74' lang='grc' dir='ltr'><strong><em>παράπαν,</em></strong></span> <span class='ocrx_word' id='word_1_82' title='bbox 872 802 971 854; x_wconf 84' lang='grc' dir='ltr'>ὥςτ”</span> <span class='ocrx_word' id='word_1_83' title='bbox 1005 808 1064 853; x_wconf 78' lang='grc' dir='ltr'>εἰς</span> <span class='ocrx_word' id='word_1_84' title='bbox 1101 808 1318 859; x_wconf 76' lang='grc' dir='ltr'><em>πτωχείαν</em></span> <span class='ocrx_word' id='word_1_85' title='bbox 1348 802 1429 855; x_wconf 68' lang='grc' dir='ltr'>τὴν</span> 
     </span>
     <span class='ocr_line' id='line_1_11' title="bbox 70 867 1428 925; baseline 0.002 -16"><span class='ocrx_word' id='word_1_86' title='bbox 70 867 259 923; x_wconf 72' lang='grc' dir='ltr'><strong><em>ἐσχάτην</em></strong></span> <span class='ocrx_word' id='word_1_87' title='bbox 299 870 475 917; x_wconf 76' lang='grc' dir='ltr'><strong><em>ἐλθεῖν,</em></strong></span> <span class='ocrx_word' id='word_1_88' title='bbox 528 870 688 920; x_wconf 83' lang='grc' dir='ltr'><strong><em>δοῦλος</em></strong></span> <span class='ocrx_word' id='word_1_89' title='bbox 723 869 748 923; x_wconf 77' lang='grc' dir='ltr'><em>ἢ</em></span> <span class='ocrx_word' id='word_1_90' title='bbox 787 875 858 915; x_wconf 78' lang='grc' dir='ltr'>καὶ</span> <span class='ocrx_word' id='word_1_91' title='bbox 896 870 1153 925; x_wconf 76' lang='grc' dir='ltr'><strong><em>ἐλεύθερος,</em></strong></span> <span class='ocrx_word' id='word_1_92' title='bbox 1200 876 1245 912; x_wconf 76' lang='grc' dir='ltr'><strong><em>ἐν</em></strong></span> <span class='ocrx_word' id='word_1_93' title='bbox 1283 875 1428 913; x_wconf 70' lang='grc' dir='ltr'><strong><em>οἰκου-</em></strong></span> 
     </span>
     <span class='ocr_line' id='line_1_12' title="bbox 70 936 1427 995; baseline 0.002 -19"><span class='ocrx_word' id='word_1_94' title='bbox 70 940 175 995; x_wconf 77' lang='grc' dir='ltr'><strong><em>μένῃ</em></strong></span> <span class='ocrx_word' id='word_1_95' title='bbox 212 936 283 978; x_wconf 82' lang='grc' dir='ltr'>καὶ</span> <span class='ocrx_word' id='word_1_96' title='bbox 324 939 507 990; x_wconf 85' lang='grc' dir='ltr'><strong><em>μετρίως</em></strong></span> <span class='ocrx_word' id='word_1_97' title='bbox 544 939 744 994; x_wconf 75' lang='grc' dir='ltr'><strong><em>πολιτείᾳ</em></strong></span> <span class='ocrx_word' id='word_1_98' title='bbox 780 956 824 981; x_wconf 84' lang='grc' dir='ltr'>τε</span> <span class='ocrx_word' id='word_1_99' title='bbox 862 940 934 981; x_wconf 84' lang='grc' dir='ltr'>καὶ</span> <span class='ocrx_word' id='word_1_100' title='bbox 980 936 1117 982; x_wconf 82' lang='grc' dir='ltr'><strong><em>πόλει.</em></strong></span> <span class='ocrx_word' id='word_1_101' title='bbox 1155 937 1221 980; x_wconf 85' lang='grc' dir='ltr'><strong><em>διὸ</em></strong></span> <span class='ocrx_word' id='word_1_102' title='bbox 1256 939 1315 992; x_wconf 78' lang='grc' dir='ltr'>τῷ</span> <span class='ocrx_word' id='word_1_103' title='bbox 1354 954 1427 980; x_wconf 83' lang='grc' dir='ltr'><strong><em>νο-</em></strong></span> 
     </span>
    </p>
   </div>
   <div class='ocr_carea' id='block_1_2' title="bbox 72 1065 1425 1338">
    <p class='ocr_par' dir='ltr' id='par_1_3' title="bbox 73 1065 1010 1151">
     <span class='ocr_line' id='line_1_13' title="bbox 167 1065 1010 1108; baseline 0.006 -13"><span class='ocrx_word' id='word_1_104' title='bbox 167 1065 256 1107; x_wconf 80' lang='grc' dir='ltr'>περῖ</span> <span class='ocrx_word' id='word_1_105' title='bbox 283 1065 358 1097; x_wconf 78' lang='grc' dir='ltr'>τοῦ</span> <span class='ocrx_word' id='word_1_106' title='bbox 384 1067 545 1108; x_wconf 80' lang='grc' dir='ltr'><strong><em>ποιεῖν]</em></strong></span> <span class='ocrx_word' id='word_1_107' title='bbox 571 1066 632 1100; x_wconf 77' lang='lat' dir='ltr'>Sic</span> <span class='ocrx_word' id='word_1_108' title='bbox 658 1068 702 1099; x_wconf 88' lang='lat' dir='ltr'>A.</span> <span class='ocrx_word' id='word_1_109' title='bbox 734 1066 771 1101; x_wconf 81' lang='grc' dir='ltr'>Ω.</span> <span class='ocrx_word' id='word_1_110' title='bbox 799 1079 831 1100; x_wconf 72' lang='lat' dir='ltr'>a.</span> <span class='ocrx_word' id='word_1_111' title='bbox 863 1079 890 1100; x_wconf 88' lang='lat' dir='ltr'>e.</span> <span class='ocrx_word' id='word_1_112' title='bbox 919 1067 948 1100; x_wconf 84' lang='grc' dir='ltr'>δ.</span> <span class='ocrx_word' id='word_1_113' title='bbox 976 1079 1010 1100; x_wconf 93' lang='lat'>0.</span> 
     </span>
     <span class='ocr_line' id='line_1_14' title="bbox 73 1111 417 1151; baseline 0.003 -9"><span class='ocrx_word' id='word_1_114' title='bbox 73 1111 157 1143; x_wconf 75' lang='lat' dir='ltr'>Bas.</span> <span class='ocrx_word' id='word_1_115' title='bbox 183 1112 216 1144; x_wconf 75' lang='lat'>2.</span> <span class='ocrx_word' id='word_1_116' title='bbox 243 1113 323 1151; x_wconf 81' lang='grc' dir='ltr'><strong><em>περί</em></strong></span> <span class='ocrx_word' id='word_1_117' title='bbox 345 1123 417 1143; x_wconf 79' lang='grc' dir='ltr'><strong><em>του.</em></strong></span> 
     </span>
    </p>

    <p class='ocr_par' dir='ltr' id='par_1_4' title="bbox 73 1155 1424 1237">
     <span class='ocr_line' id='line_1_15' title="bbox 166 1155 1424 1202; baseline 0.004 -14"><span class='ocrx_word' id='word_1_118' title='bbox 166 1158 206 1189; x_wconf 90' lang='grc' dir='ltr'>Β.</span> <span class='ocrx_word' id='word_1_119' title='bbox 255 1155 358 1197; x_wconf 81' lang='grc' dir='ltr'>μήτε</span> <span class='ocrx_word' id='word_1_120' title='bbox 394 1155 641 1199; x_wconf 74' lang='grc' dir='ltr'><strong><em>ἐλεύθερόν</em></strong></span> <span class='ocrx_word' id='word_1_121' title='bbox 676 1160 800 1202; x_wconf 79' lang='grc' dir='ltr'><strong><em>ποτε]</em></strong></span> <span class='ocrx_word' id='word_1_122' title='bbox 831 1159 970 1200; x_wconf 85' lang='lat' dir='ltr'>„lmmo</span> <span class='ocrx_word' id='word_1_123' title='bbox 1009 1158 1093 1200; x_wconf 70' lang='grc' dir='ltr'><strong><em>μηδὲ</em></strong></span> <span class='ocrx_word' id='word_1_124' title='bbox 1125 1159 1206 1191; x_wconf 78' lang='grc' dir='ltr'><strong><em>ε’)..“</em></strong></span> <span class='ocrx_word' id='word_1_125' title='bbox 1249 1160 1424 1193; x_wconf 77' lang='lat' dir='ltr'>Bekker.</span> 
     </span>
     <span class='ocr_line' id='line_1_16' title="bbox 73 1204 721 1237; baseline 0.003 -3"><span class='ocrx_word' id='word_1_126' title='bbox 73 1204 118 1235; x_wconf 89' lang='lat' dir='ltr'>Ei</span> <span class='ocrx_word' id='word_1_127' title='bbox 142 1204 333 1235; x_wconf 82' lang='lat' dir='ltr'><strong>assentitur</strong></span> <span class='ocrx_word' id='word_1_128' title='bbox 358 1206 462 1235; x_wconf 84' lang='lat' dir='ltr'>etiam</span> <span class='ocrx_word' id='word_1_129' title='bbox 489 1205 721 1237; x_wconf 86' lang='lat' dir='ltr'>Hermannus.</span> 
     </span>
    </p>

    <p class='ocr_par' dir='ltr' id='par_1_5' title="bbox 72 1247 1425 1338">
     <span class='ocr_line' id='line_1_17' title="bbox 166 1247 1425 1293; baseline 0.002 -13"><span class='ocrx_word' id='word_1_130' title='bbox 166 1247 185 1291; x_wconf 86' lang='grc' dir='ltr'>ἥ</span> <span class='ocrx_word' id='word_1_131' title='bbox 212 1261 245 1280; x_wconf 85' lang='grc' dir='ltr'>τι</span> <span class='ocrx_word' id='word_1_132' title='bbox 274 1251 449 1281; x_wconf 74' lang='grc' dir='ltr'><strong><em>τοιοῦτο</em></strong></span> <span class='ocrx_word' id='word_1_133' title='bbox 478 1249 670 1292; x_wconf 75' lang='grc' dir='ltr'><strong><em>πάσχων]</em></strong></span> <span class='ocrx_word' id='word_1_134' title='bbox 719 1251 864 1282; x_wconf 78' lang='grc' dir='ltr'><strong><em>τοιοῦτο</em></strong></span> <span class='ocrx_word' id='word_1_135' title='bbox 890 1255 935 1282; x_wconf 87' lang='lat' dir='ltr'>A.</span> <span class='ocrx_word' id='word_1_136' title='bbox 967 1248 1004 1282; x_wconf 82' lang='grc' dir='ltr'>Ω.</span> <span class='ocrx_word' id='word_1_137' title='bbox 1032 1250 1058 1282; x_wconf 87' lang='lat' dir='ltr'>f.</span> <span class='ocrx_word' id='word_1_138' title='bbox 1085 1261 1113 1282; x_wconf 80' lang='lat' dir='ltr'>r.</span> <span class='ocrx_word' id='word_1_139' title='bbox 1159 1251 1244 1282; x_wconf 80' lang='lat' dir='ltr'>Mox</span> <span class='ocrx_word' id='word_1_140' title='bbox 1271 1252 1425 1293; x_wconf 78' lang='grc' dir='ltr'><strong><em>κεκτῆται</em></strong></span> 
     </span>
     <span class='ocr_line' id='line_1_18' title="bbox 72 1295 1105 1338; baseline 0.001 -12"><span class='ocrx_word' id='word_1_141' title='bbox 72 1305 136 1336; x_wconf 88' lang='lat' dir='ltr'>pro</span> <span class='ocrx_word' id='word_1_142' title='bbox 167 1296 260 1337; x_wconf 85' lang='lat' dir='ltr'>vulg.</span> <span class='ocrx_word' id='word_1_143' title='bbox 288 1295 440 1338; x_wconf 80' lang='grc' dir='ltr'><strong><em>κέκτηται</em></strong></span> <span class='ocrx_word' id='word_1_144' title='bbox 465 1298 589 1338; x_wconf 89' lang='lat' dir='ltr'><strong>scripsi</strong></span> <span class='ocrx_word' id='word_1_145' title='bbox 614 1298 658 1329; x_wconf 91' lang='lat' dir='ltr'>de</span> <span class='ocrx_word' id='word_1_146' title='bbox 684 1299 884 1329; x_wconf 85' lang='lat' dir='ltr'>coniectura</span> <span class='ocrx_word' id='word_1_147' title='bbox 910 1296 1105 1329; x_wconf 83' lang='lat' dir='ltr'>Schaeferi.</span> 
     </span>
    </p>
   </div>
   <div class='ocr_carea' id='block_1_3' title="bbox 1063 1068 1427 1109">
    <p class='ocr_par' dir='ltr' id='par_1_6' title="bbox 1063 1068 1427 1109">
     <span class='ocr_line' id='line_1_19' title="bbox 1063 1068 1427 1109; baseline 0.005 -10"><span class='ocrx_word' id='word_1_148' title='bbox 1063 1068 1174 1109; x_wconf 79' lang='lat' dir='ltr'>Vulgo</span> <span class='ocrx_word' id='word_1_149' title='bbox 1202 1068 1277 1108; x_wconf 85' lang='grc' dir='ltr'><strong><em>πέρι</em></strong></span> <span class='ocrx_word' id='word_1_150' title='bbox 1305 1069 1368 1099; x_wconf 80' lang='grc' dir='ltr'>τοῦ</span> <span class='ocrx_word' id='word_1_151' title='bbox 1392 1080 1427 1101; x_wconf 88' lang='grc' dir='ltr'>π.</span> 
     </span>
    </p>
   </div>
   <div class='ocr_carea' id='block_1_4' title="bbox 785 1406 1428 1449">
    <p class='ocr_par' dir='ltr' id='par_1_7' title="bbox 785 1406 1428 1449">
     <span class='ocr_line' id='line_1_20' title="bbox 785 1406 1428 1449; baseline 0.003 -8"><span class='ocrx_word' id='word_1_152' title='bbox 785 1420 871 1449; x_wconf 88' lang='grc' dir='ltr'><strong><em>μου·</em></strong></span> <span class='ocrx_word' id='word_1_153' title='bbox 912 1407 996 1442; x_wconf 59' lang='lat' dir='ltr'>&amp;ste</span> <span class='ocrx_word' id='word_1_154' title='bbox 1027 1406 1110 1440; x_wconf 74' lang='grc' dir='ltr'><strong><em>οὐδὲ</em></strong></span> <span class='ocrx_word' id='word_1_155' title='bbox 1136 1408 1218 1441; x_wconf 70' lang='grc' dir='ltr'>τοὺς</span> <span class='ocrx_word' id='word_1_156' title='bbox 1243 1408 1428 1443; x_wconf 69' lang='grc' dir='ltr'><strong><em>τοιούτους</em></strong></span> 
     </span>
    </p>
   </div>
   <div class='ocr_carea' id='block_1_5' title="bbox 12 1405 1286 1498">
    <p class='ocr_par' dir='ltr' id='par_1_8' title="bbox 12 1405 1286 1498">
     <span class='ocr_line' id='line_1_21' title="bbox 74 1405 715 1451; baseline 0.005 -13"><span class='ocrx_word' id='word_1_157' title='bbox 74 1405 125 1439; x_wconf 82' lang='grc' dir='ltr'>δεῖ</span> <span class='ocrx_word' id='word_1_158' title='bbox 155 1406 214 1439; x_wconf 81' lang='grc' dir='ltr'><strong><em>τὸν</em></strong></span> <span class='ocrx_word' id='word_1_159' title='bbox 253 1408 450 1450; x_wconf 71' lang='grc' dir='ltr'><strong><em>νομοθέτην</em></strong></span> <span class='ocrx_word' id='word_1_160' title='bbox 482 1407 645 1451; x_wconf 75' lang='grc' dir='ltr'><strong><em>ἐξορίζειν</em></strong></span> <span class='ocrx_word' id='word_1_161' title='bbox 687 1422 715 1441; x_wconf 75' lang='grc' dir='ltr'>κ.</span> 
     </span>
     <span class='ocr_line' id='line_1_22' title="bbox 12 1447 1286 1498; baseline 0.001 -12"><span class='ocrx_word' id='word_1_162' title='bbox 12 1447 19 1456; x_wconf 54' lang='lat'><strong>⁹</strong></span> <span class='ocrx_word' id='word_1_163' title='bbox 786 1454 955 1498; x_wconf 77' lang='grc' dir='ltr'><strong><em>ἄχθονται</em></strong></span> <span class='ocrx_word' id='word_1_164' title='bbox 980 1455 1286 1498; x_wconf 60' lang='grc' dir='ltr'><strong><em>κωμῳδουμένους.</em></strong></span> 
     </span>
    </p>
   </div>
   <div class='ocr_carea' id='block_1_6' title="bbox 75 1454 717 1495">
    <p class='ocr_par' dir='ltr' id='par_1_9' title="bbox 75 1454 717 1495">
     <span class='ocr_line' id='line_1_23' title="bbox 75 1454 717 1495; baseline 0.005 -11"><span class='ocrx_word' id='word_1_165' title='bbox 75 1465 99 1485; x_wconf 83' lang='lat' dir='ltr'>t.</span> <span class='ocrx_word' id='word_1_166' title='bbox 130 1454 156 1485; x_wconf 84' lang='grc' dir='ltr'>λ.</span> <span class='ocrx_word' id='word_1_167' title='bbox 185 1464 254 1495; x_wconf 92' lang='lat' dir='ltr'>quo</span> <span class='ocrx_word' id='word_1_168' title='bbox 278 1455 354 1486; x_wconf 81' lang='lat' dir='ltr'>loco</span> <span class='ocrx_word' id='word_1_169' title='bbox 380 1466 451 1486; x_wconf 88' lang='lat' dir='ltr'>non</span> <span class='ocrx_word' id='word_1_170' title='bbox 478 1460 548 1487; x_wconf 84' lang='lat' dir='ltr'>tam</span> <span class='ocrx_word' id='word_1_171' title='bbox 574 1457 616 1487; x_wconf 90' lang='lat' dir='ltr'>de</span> <span class='ocrx_word' id='word_1_172' title='bbox 635 1467 717 1487; x_wconf 84' lang='lat' dir='ltr'>con-</span> 
     </span>
    </p>
   </div>
   <div class='ocr_carea' id='block_1_7' title="bbox 75 1500 1425 1544">
    <p class='ocr_par' dir='ltr' id='par_1_10' title="bbox 75 1500 1425 1544">
     <span class='ocr_line' id='line_1_24' title="bbox 75 1500 1425 1544; baseline 0.003 -14"><span class='ocrx_word' id='word_1_173' title='bbox 75 1500 176 1531; x_wconf 82' lang='lat' dir='ltr'>viciis</span> <span class='ocrx_word' id='word_1_174' title='bbox 203 1506 236 1532; x_wconf 90' lang='lat' dir='ltr'>et</span> <span class='ocrx_word' id='word_1_175' title='bbox 263 1502 501 1542; x_wconf 81' lang='lat' dir='ltr'>petulantibus</span> <span class='ocrx_word' id='word_1_176' title='bbox 523 1503 718 1534; x_wconf 83' lang='lat' dir='ltr'>cavillatio·</span> <span class='ocrx_word' id='word_1_177' title='bbox 835 1503 873 1536; x_wconf 92' lang='lat' dir='ltr'>P.</span> <span class='ocrx_word' id='word_1_178' title='bbox 900 1502 978 1536; x_wconf 82' lang='lat'>936.</span> <span class='ocrx_word' id='word_1_179' title='bbox 1031 1500 1133 1543; x_wconf 81' lang='grc' dir='ltr'><strong><em>μήτε</em></strong></span> <span class='ocrx_word' id='word_1_180' title='bbox 1164 1501 1425 1544; x_wconf 73' lang='grc' dir='ltr'><strong><em>ἐλεύθερον]</em></strong></span> 
     </span>
    </p>
   </div>
   <div class='ocr_carea' id='block_1_8' title="bbox 75 1546 732 1588">
    <p class='ocr_par' dir='ltr' id='par_1_11' title="bbox 75 1546 732 1588">
     <span class='ocr_line' id='line_1_25' title="bbox 75 1546 732 1588; baseline 0.006 -12"><span class='ocrx_word' id='word_1_181' title='bbox 75 1546 200 1586; x_wconf 87' lang='lat' dir='ltr'>nibus,</span> <span class='ocrx_word' id='word_1_182' title='bbox 239 1558 342 1588; x_wconf 77' lang='lat' dir='ltr'>quam</span> <span class='ocrx_word' id='word_1_183' title='bbox 377 1548 420 1578; x_wconf 87' lang='lat' dir='ltr'>de</span> <span class='ocrx_word' id='word_1_184' title='bbox 453 1548 614 1588; x_wconf 87' lang='lat' dir='ltr'>turpibus</span> <span class='ocrx_word' id='word_1_185' title='bbox 647 1559 732 1580; x_wconf 32' lang='lat' dir='ltr'>ser-⁷</span> 
     </span>
    </p>
   </div>
   <div class='ocr_carea' id='block_1_9' title="bbox 72 1592 721 2787">
    <p class='ocr_par' dir='ltr' id='par_1_12' title="bbox 72 1592 721 2787">
     <span class='ocr_line' id='line_1_26' title="bbox 74 1592 717 1634; baseline 0.006 -12"><span class='ocrx_word' id='word_1_186' title='bbox 74 1592 235 1624; x_wconf 86' lang='lat' dir='ltr'>monibus</span> <span class='ocrx_word' id='word_1_187' title='bbox 270 1594 399 1634; x_wconf 83' lang='lat' dir='ltr'>agitur.</span> <span class='ocrx_word' id='word_1_188' title='bbox 459 1596 578 1634; x_wconf 87' lang='lat' dir='ltr'>Atque</span> <span class='ocrx_word' id='word_1_189' title='bbox 604 1599 717 1626; x_wconf 84' lang='lat' dir='ltr'>aetate</span> 
     </span>
     <span class='ocr_line' id='line_1_27' title="bbox 73 1639 718 1679; baseline 0.006 -11"><span class='ocrx_word' id='word_1_190' title='bbox 73 1639 154 1677; x_wconf 84' lang='lat' dir='ltr'>illa,</span> <span class='ocrx_word' id='word_1_191' title='bbox 195 1648 263 1679; x_wconf 85' lang='lat' dir='ltr'>qua</span> <span class='ocrx_word' id='word_1_192' title='bbox 287 1640 402 1679; x_wconf 82' lang='lat' dir='ltr'>Leges</span> <span class='ocrx_word' id='word_1_193' title='bbox 438 1640 565 1671; x_wconf 85' lang='lat' dir='ltr'>litteris</span> <span class='ocrx_word' id='word_1_194' title='bbox 602 1641 718 1672; x_wconf 88' lang='lat' dir='ltr'>consi-</span> 
     </span>
     <span class='ocr_line' id='line_1_28' title="bbox 73 1685 717 1727; baseline 0.005 -12"><span class='ocrx_word' id='word_1_195' title='bbox 73 1687 201 1724; x_wconf 78' lang='lat' dir='ltr'>gnatae</span> <span class='ocrx_word' id='word_1_196' title='bbox 231 1685 404 1725; x_wconf 85' lang='lat' dir='ltr'>videntur,</span> <span class='ocrx_word' id='word_1_197' title='bbox 435 1687 627 1717; x_wconf 83' lang='lat' dir='ltr'>verisimile</span> <span class='ocrx_word' id='word_1_198' title='bbox 653 1692 717 1727; x_wconf 85' lang='lat' dir='ltr'>est,</span> 
     </span>
     <span class='ocr_line' id='line_1_29' title="bbox 72 1731 715 1772; baseline 0.006 -12"><span class='ocrx_word' id='word_1_199' title='bbox 72 1731 201 1761; x_wconf 84' lang='lat' dir='ltr'>veteris</span> <span class='ocrx_word' id='word_1_200' title='bbox 227 1731 343 1772; x_wconf 72' lang='lat' dir='ltr'>poesis</span> <span class='ocrx_word' id='word_1_201' title='bbox 370 1733 521 1763; x_wconf 83' lang='lat' dir='ltr'>comicae</span> <span class='ocrx_word' id='word_1_202' title='bbox 539 1733 715 1764; x_wconf 82' lang='lat' dir='ltr'><strong>licentiam</strong></span> 
     </span>
     <span class='ocr_line' id='line_1_30' title="bbox 73 1776 716 1811; baseline 0.005 -4"><span class='ocrx_word' id='word_1_203' title='bbox 73 1776 204 1807; x_wconf 89' lang='lat' dir='ltr'>dudum</span> <span class='ocrx_word' id='word_1_204' title='bbox 229 1777 339 1809; x_wconf 84' lang='lat' dir='ltr'>fuisse</span> <span class='ocrx_word' id='word_1_205' title='bbox 359 1778 542 1811; x_wconf 80' lang='lat' dir='ltr'>sublatam.</span> <span class='ocrx_word' id='word_1_206' title='bbox 569 1778 716 1810; x_wconf 77' lang='lat' dir='ltr'>Factum</span> 
     </span>
     <span class='ocr_line' id='line_1_31' title="bbox 72 1823 716 1865; baseline 0.006 -12"><span class='ocrx_word' id='word_1_207' title='bbox 72 1823 108 1854; x_wconf 90' lang='lat' dir='ltr'>id</span> <span class='ocrx_word' id='word_1_208' title='bbox 136 1823 227 1854; x_wconf 78' lang='lat' dir='ltr'>enim</span> <span class='ocrx_word' id='word_1_209' title='bbox 261 1824 343 1855; x_wconf 87' lang='lat' dir='ltr'>inde</span> <span class='ocrx_word' id='word_1_210' title='bbox 378 1825 420 1855; x_wconf 78' lang='lat' dir='ltr'>ab</span> <span class='ocrx_word' id='word_1_211' title='bbox 455 1823 591 1865; x_wconf 80' lang='lat' dir='ltr'>Olymp.</span> <span class='ocrx_word' id='word_1_212' title='bbox 616 1824 716 1857; x_wconf 90' lang='lat' dir='ltr'>XCI.</span> 
     </span>
     <span class='ocr_line' id='line_1_32' title="bbox 73 1869 717 1910; baseline 0.005 -11"><span class='ocrx_word' id='word_1_213' title='bbox 73 1879 185 1909; x_wconf 89' lang='lat' dir='ltr'>usque</span> <span class='ocrx_word' id='word_1_214' title='bbox 212 1869 292 1900; x_wconf 89' lang='lat' dir='ltr'>dum</span> <span class='ocrx_word' id='word_1_215' title='bbox 325 1871 476 1910; x_wconf 82' lang='lat' dir='ltr'>denique</span> <span class='ocrx_word' id='word_1_216' title='bbox 511 1871 579 1910; x_wconf 87' lang='lat' dir='ltr'>ipsi</span> <span class='ocrx_word' id='word_1_217' title='bbox 613 1872 717 1903; x_wconf 85' lang='lat' dir='ltr'>etiam</span> 
     </span>
     <span class='ocr_line' id='line_1_33' title="bbox 74 1916 717 1956; baseline 0.003 -11"><span class='ocrx_word' id='word_1_218' title='bbox 74 1916 226 1955; x_wconf 84' lang='lat' dir='ltr'>ingenua</span> <span class='ocrx_word' id='word_1_219' title='bbox 258 1916 402 1947; x_wconf 85' lang='lat' dir='ltr'>libertas</span> <span class='ocrx_word' id='word_1_220' title='bbox 438 1917 642 1956; x_wconf 79' lang='lat' dir='ltr'>eriperetur.</span> <span class='ocrx_word' id='word_1_221' title='bbox 684 1928 717 1948; x_wconf 88' lang='lat' dir='ltr'>v.</span> 
     </span>
     <span class='ocr_line' id='line_1_34' title="bbox 74 1959 716 1995; baseline 0.005 -4"><span class='ocrx_word' id='word_1_222' title='bbox 74 1959 226 1992; x_wconf 85' lang='lat' dir='ltr'>Cobet.</span> <span class='ocrx_word' id='word_1_223' title='bbox 247 1959 445 1992; x_wconf 82' lang='lat' dir='ltr'>Observatt.</span> <span class='ocrx_word' id='word_1_224' title='bbox 464 1961 565 1995; x_wconf 86' lang='lat' dir='ltr'>Critt.</span> <span class='ocrx_word' id='word_1_225' title='bbox 584 1963 620 1993; x_wconf 85' lang='lat' dir='ltr'>in</span> <span class='ocrx_word' id='word_1_226' title='bbox 636 1962 716 1994; x_wconf 81' lang='lat' dir='ltr'>Pla-</span> 
     </span>
     <span class='ocr_line' id='line_1_35' title="bbox 73 2005 714 2048; baseline 0.005 -12"><span class='ocrx_word' id='word_1_227' title='bbox 73 2007 167 2038; x_wconf 85' lang='lat' dir='ltr'>tonis</span> <span class='ocrx_word' id='word_1_228' title='bbox 200 2005 336 2038; x_wconf 86' lang='lat' dir='ltr'>Comici</span> <span class='ocrx_word' id='word_1_229' title='bbox 371 2006 554 2048; x_wconf 77' lang='lat' dir='ltr'>Reliquias</span> <span class='ocrx_word' id='word_1_230' title='bbox 587 2018 620 2048; x_wconf 89' lang='lat' dir='ltr'>p.</span> <span class='ocrx_word' id='word_1_231' title='bbox 657 2007 714 2041; x_wconf 86' lang='lat'>36.</span> 
     </span>
     <span class='ocr_line' id='line_1_36' title="bbox 74 2051 717 2094; baseline 0.002 -10"><span class='ocrx_word' id='word_1_232' title='bbox 74 2062 151 2094; x_wconf 89' lang='lat' dir='ltr'>sqq.</span> <span class='ocrx_word' id='word_1_233' title='bbox 207 2051 370 2084; x_wconf 86' lang='lat' dir='ltr'>Ceterum</span> <span class='ocrx_word' id='word_1_234' title='bbox 396 2064 465 2085; x_wconf 91' lang='lat' dir='ltr'>non</span> <span class='ocrx_word' id='word_1_235' title='bbox 498 2055 622 2085; x_wconf 88' lang='lat' dir='ltr'>inutile</span> <span class='ocrx_word' id='word_1_236' title='bbox 651 2055 717 2085; x_wconf 86' lang='lat' dir='ltr'>erit</span> 
     </span>
     <span class='ocr_line' id='line_1_37' title="bbox 74 2099 713 2141; baseline 0.005 -12"><span class='ocrx_word' id='word_1_237' title='bbox 74 2099 281 2139; x_wconf 86' lang='lat' dir='ltr'>apposuisse</span> <span class='ocrx_word' id='word_1_238' title='bbox 330 2109 418 2140; x_wconf 86' lang='lat' dir='ltr'>quae</span> <span class='ocrx_word' id='word_1_239' title='bbox 464 2099 713 2141; x_wconf 85' lang='lat' dir='ltr'>Xenophon</span> 
     </span>
     <span class='ocr_line' id='line_1_38' title="bbox 74 2144 714 2185; baseline 0.002 -9"><span class='ocrx_word' id='word_1_240' title='bbox 74 2144 129 2176; x_wconf 88' lang='lat' dir='ltr'>De</span> <span class='ocrx_word' id='word_1_241' title='bbox 153 2144 240 2185; x_wconf 85' lang='lat' dir='ltr'>Rep.</span> <span class='ocrx_word' id='word_1_242' title='bbox 270 2145 546 2179; x_wconf 67' lang='lat' dir='ltr'>xthe11.11.18.</span> <span class='ocrx_word' id='word_1_243' title='bbox 575 2147 714 2178; x_wconf 88' lang='lat' dir='ltr'>scribit:</span> 
     </span>
     <span class='ocr_line' id='line_1_39' title="bbox 76 2187 715 2235; baseline 0.003 -14"><span class='ocrx_word' id='word_1_244' title='bbox 76 2188 256 2233; x_wconf 80' lang='grc' dir='ltr'><strong><em>κωμῳδεῖν</em></strong></span> <span class='ocrx_word' id='word_1_245' title='bbox 281 2187 314 2221; x_wconf 80' lang='grc' dir='ltr'>δ’</span> <span class='ocrx_word' id='word_1_246' title='bbox 339 2187 384 2222; x_wconf 83' lang='grc' dir='ltr'>αὖ</span> <span class='ocrx_word' id='word_1_247' title='bbox 410 2203 464 2223; x_wconf 85' lang='grc' dir='ltr'>και</span> <span class='ocrx_word' id='word_1_248' title='bbox 479 2201 593 2223; x_wconf 73' lang='lat' dir='ltr'>namus</span> <span class='ocrx_word' id='word_1_249' title='bbox 607 2192 715 2235; x_wconf 80' lang='grc' dir='ltr'><strong><em>λέγειν</em></strong></span> 
     </span>
     <span class='ocr_line' id='line_1_40' title="bbox 75 2234 717 2278; baseline 0.005 -11"><span class='ocrx_word' id='word_1_250' title='bbox 75 2234 136 2267; x_wconf 81' lang='grc' dir='ltr'><strong><em>τὸν</em></strong></span> <span class='ocrx_word' id='word_1_251' title='bbox 167 2235 228 2275; x_wconf 87' lang='grc' dir='ltr'><strong><em>μὲν</em></strong></span> <span class='ocrx_word' id='word_1_252' title='bbox 256 2234 366 2278; x_wconf 78' lang='grc' dir='ltr'><strong><em>δῆμοι</em></strong></span> <span class='ocrx_word' id='word_1_253' title='bbox 401 2235 466 2269; x_wconf 81' lang='grc' dir='ltr'>οὐκ</span> <span class='ocrx_word' id='word_1_254' title='bbox 503 2237 621 2275; x_wconf 82' lang='grc' dir='ltr'><strong><em>ε’ὦσιι,</em></strong></span> <span class='ocrx_word' id='word_1_255' title='bbox 662 2239 717 2270; x_wconf 84' lang='grc' dir='ltr'><strong><em>ἵνα</em></strong></span> 
     </span>
     <span class='ocr_line' id='line_1_41' title="bbox 75 2279 718 2323; baseline 0.006 -11"><span class='ocrx_word' id='word_1_256' title='bbox 75 2281 120 2323; x_wconf 83' lang='grc' dir='ltr'>μὴ</span> <span class='ocrx_word' id='word_1_257' title='bbox 156 2279 255 2313; x_wconf 75' lang='grc' dir='ltr'><strong><em>αὗτοὶ</em></strong></span> <span class='ocrx_word' id='word_1_258' title='bbox 291 2279 448 2316; x_wconf 80' lang='grc' dir='ltr'><strong><em>ἀκούωσι</em></strong></span> <span class='ocrx_word' id='word_1_259' title='bbox 482 2285 612 2323; x_wconf 74' lang='grc' dir='ltr'><strong><em>κακῶς,</em></strong></span> <span class='ocrx_word' id='word_1_260' title='bbox 649 2283 718 2316; x_wconf 85' lang='grc' dir='ltr'><strong><em>ι”δια</em></strong></span> 
     </span>
     <span class='ocr_line' id='line_1_42' title="bbox 78 2326 719 2371; baseline 0.006 -13"><span class='ocrx_word' id='word_1_261' title='bbox 78 2326 115 2359; x_wconf 84' lang='grc' dir='ltr'>δὲ</span> <span class='ocrx_word' id='word_1_262' title='bbox 141 2327 357 2365; x_wconf 75' lang='grc' dir='ltr'><strong><em>κελεύουσιν,</em></strong></span> <span class='ocrx_word' id='word_1_263' title='bbox 388 2330 426 2361; x_wconf 83' lang='grc' dir='ltr'>εἴ</span> <span class='ocrx_word' id='word_1_264' title='bbox 453 2332 502 2362; x_wconf 74' lang='grc' dir='ltr'>τίς</span> <span class='ocrx_word' id='word_1_265' title='bbox 528 2341 601 2362; x_wconf 85' lang='grc' dir='ltr'><strong><em>τινα</em></strong></span> <span class='ocrx_word' id='word_1_266' title='bbox 631 2329 719 2371; x_wconf 85' lang='grc' dir='ltr'><strong><em>βού-</em></strong></span> 
     </span>
     <span class='ocr_line' id='line_1_43' title="bbox 77 2369 720 2416; baseline 0.006 -12"><span class='ocrx_word' id='word_1_267' title='bbox 77 2374 182 2410; x_wconf 77' lang='grc' dir='ltr'><strong><em>λεται,</em></strong></span> <span class='ocrx_word' id='word_1_268' title='bbox 213 2369 255 2405; x_wconf 81' lang='grc' dir='ltr'>εὖ</span> <span class='ocrx_word' id='word_1_269' title='bbox 284 2372 434 2413; x_wconf 77' lang='grc' dir='ltr'><strong><em>εἰδότες,</em></strong></span> <span class='ocrx_word' id='word_1_270' title='bbox 467 2374 519 2407; x_wconf 81' lang='grc' dir='ltr'><strong><em>ὅτι</em></strong></span> <span class='ocrx_word' id='word_1_271' title='bbox 549 2372 624 2416; x_wconf 87' lang='grc' dir='ltr'><strong><em>ουχὶ</em></strong></span> <span class='ocrx_word' id='word_1_272' title='bbox 657 2376 720 2408; x_wconf 82' lang='grc' dir='ltr'>τοῦ</span> 
     </span>
     <span class='ocr_line' id='line_1_44' title="bbox 77 2417 719 2464; baseline 0.006 -14"><span class='ocrx_word' id='word_1_273' title='bbox 77 2418 190 2461; x_wconf 86' lang='grc' dir='ltr'><strong><em>δήμου</em></strong></span> <span class='ocrx_word' id='word_1_274' title='bbox 222 2418 312 2450; x_wconf 74' lang='grc' dir='ltr'><strong><em>ἐστὶι</em></strong></span> <span class='ocrx_word' id='word_1_275' title='bbox 344 2417 427 2453; x_wconf 84' lang='grc' dir='ltr'><strong><em>ουδὲ</em></strong></span> <span class='ocrx_word' id='word_1_276' title='bbox 458 2423 522 2454; x_wconf 83' lang='grc' dir='ltr'>τοῦ</span> <span class='ocrx_word' id='word_1_277' title='bbox 557 2420 719 2464; x_wconf 71' lang='grc' dir='ltr'><strong><em>πλήθους</em></strong></span> 
     </span>
     <span class='ocr_line' id='line_1_45' title="bbox 80 2463 719 2509; baseline 0.005 -11"><span class='ocrx_word' id='word_1_278' title='bbox 80 2463 98 2498; x_wconf 89' lang='grc' dir='ltr'>ὁ</span> <span class='ocrx_word' id='word_1_279' title='bbox 125 2464 398 2521; x_wconf 67' lang='grc' dir='ltr'><strong><em>κωμῳδούνμειος</em></strong></span> <span class='ocrx_word' id='word_1_280' title='bbox 419 2464 466 2499; x_wconf 70' lang='grc' dir='ltr'>οἷς</span> <span class='ocrx_word' id='word_1_281' title='bbox 490 2467 544 2500; x_wconf 80' lang='grc' dir='ltr'>ἐπὶ</span> <span class='ocrx_word' id='word_1_282' title='bbox 564 2467 602 2500; x_wconf 86' lang='grc' dir='ltr'>τὸ</span> <span class='ocrx_word' id='word_1_283' title='bbox 620 2466 719 2506; x_wconf 79' lang='grc' dir='ltr'><strong><em>πολύ,</em></strong></span> 
     </span>
     <span class='ocr_line' id='line_1_46' title="bbox 77 2501 720 2556; baseline 0.006 -13"><span class='ocrx_word' id='word_1_284' title='bbox 77 2508 145 2543; x_wconf 76' lang='grc' dir='ltr'><strong><em>ἀλλ’</em></strong></span> <span class='ocrx_word' id='word_1_285' title='bbox 183 2501 210 2554; x_wconf 81' lang='grc' dir='ltr'><em>ἢ</em></span> <span class='ocrx_word' id='word_1_286' title='bbox 242 2510 408 2544; x_wconf 76' lang='grc' dir='ltr'><strong><em>πλούσιος</em></strong></span> <span class='ocrx_word' id='word_1_287' title='bbox 448 2511 468 2556; x_wconf 83' lang='grc' dir='ltr'>ἢ</span> <span class='ocrx_word' id='word_1_288' title='bbox 505 2518 665 2555; x_wconf 76' lang='grc' dir='ltr'><strong><em>γενναῖος</em></strong></span> <span class='ocrx_word' id='word_1_289' title='bbox 699 2511 720 2556; x_wconf 83' lang='grc' dir='ltr'><em>ἦ</em></span> 
     </span>
     <span class='ocr_line' id='line_1_47' title="bbox 79 2555 720 2614; baseline 0.006 -25"><span class='ocrx_word' id='word_1_290' title='bbox 79 2556 285 2597; x_wconf 73' lang='grc' dir='ltr'><strong><em>δυιάμενος.</em></strong></span> <span class='ocrx_word' id='word_1_291' title='bbox 321 2555 434 2614; x_wconf 62' lang='grc' dir='ltr'><strong><em>ρλίγοι</em></strong></span> <span class='ocrx_word' id='word_1_292' title='bbox 470 2557 506 2590; x_wconf 81' lang='grc' dir='ltr'>δὲ</span> <span class='ocrx_word' id='word_1_293' title='bbox 532 2569 619 2592; x_wconf 73' lang='grc' dir='ltr'><strong><em>τινες</em></strong></span> <span class='ocrx_word' id='word_1_294' title='bbox 653 2560 720 2593; x_wconf 80' lang='grc' dir='ltr'>τῶν</span> 
     </span>
     <span class='ocr_line' id='line_1_48' title="bbox 78 2602 718 2646; baseline 0.005 -11"><span class='ocrx_word' id='word_1_295' title='bbox 78 2602 244 2645; x_wconf 77' lang='grc' dir='ltr'><strong><em>πενήτων.</em></strong></span> <span class='ocrx_word' id='word_1_296' title='bbox 272 2605 326 2636; x_wconf 85' lang='grc' dir='ltr'>καὶ</span> <span class='ocrx_word' id='word_1_297' title='bbox 353 2617 419 2636; x_wconf 83' lang='grc' dir='ltr'><strong><em>των</em></strong></span> <span class='ocrx_word' id='word_1_298' title='bbox 443 2603 633 2646; x_wconf 80' lang='grc' dir='ltr'><strong><em>δημοτικιῦι</em></strong></span> <span class='ocrx_word' id='word_1_299' title='bbox 655 2618 718 2638; x_wconf 84' lang='grc' dir='ltr'>κω</span> 
     </span>
     <span class='ocr_line' id='line_1_49' title="bbox 80 2648 721 2693; baseline 0.005 -12"><span class='ocrx_word' id='word_1_300' title='bbox 80 2648 291 2693; x_wconf 76' lang='grc' dir='ltr'><strong><em>μῳδοῦνται,</em></strong></span> <span class='ocrx_word' id='word_1_301' title='bbox 325 2652 378 2682; x_wconf 84' lang='grc' dir='ltr'>καὶ</span> <span class='ocrx_word' id='word_1_302' title='bbox 414 2648 489 2683; x_wconf 84' lang='grc' dir='ltr'><strong><em>ουδ’</em></strong></span> <span class='ocrx_word' id='word_1_303' title='bbox 522 2649 635 2690; x_wconf 77' lang='grc' dir='ltr'><strong><em>οὗτοι,</em></strong></span> <span class='ocrx_word' id='word_1_304' title='bbox 661 2651 721 2685; x_wconf 84' lang='grc' dir='ltr'><strong><em>ἐὰν</em></strong></span> 
     </span>
     <span class='ocr_line' id='line_1_50' title="bbox 79 2694 721 2740; baseline 0.006 -13"><span class='ocrx_word' id='word_1_305' title='bbox 79 2694 124 2737; x_wconf 83' lang='grc' dir='ltr'>μὴ</span> <span class='ocrx_word' id='word_1_306' title='bbox 152 2694 208 2728; x_wconf 86' lang='grc' dir='ltr'>διὰ</span> <span class='ocrx_word' id='word_1_307' title='bbox 232 2695 572 2740; x_wconf 75' lang='grc' dir='ltr'><strong><em>πολυπραγμοσύνην</em></strong></span> <span class='ocrx_word' id='word_1_308' title='bbox 598 2700 652 2731; x_wconf 81' lang='grc' dir='ltr'>καὶ</span> <span class='ocrx_word' id='word_1_309' title='bbox 667 2696 721 2731; x_wconf 79' lang='grc' dir='ltr'>διὰ</span> 
     </span>
     <span class='ocr_line' id='line_1_51' title="bbox 80 2740 721 2787; baseline 0.005 -14"><span class='ocrx_word' id='word_1_310' title='bbox 80 2740 118 2773; x_wconf 70' lang='grc' dir='ltr'>τὸ</span> <span class='ocrx_word' id='word_1_311' title='bbox 145 2743 253 2783; x_wconf 75' lang='grc' dir='ltr'><strong><em>ζητεῖν</em></strong></span> <span class='ocrx_word' id='word_1_312' title='bbox 282 2743 386 2775; x_wconf 78' lang='grc' dir='ltr'><strong><em>πλέον</em></strong></span> <span class='ocrx_word' id='word_1_313' title='bbox 413 2755 440 2776; x_wconf 78' lang='grc' dir='ltr'>τι</span> <span class='ocrx_word' id='word_1_314' title='bbox 466 2744 551 2786; x_wconf 71' lang='grc' dir='ltr'><strong><em>ἔχειν</em></strong></span> <span class='ocrx_word' id='word_1_315' title='bbox 578 2745 639 2776; x_wconf 69' lang='lat' dir='ltr'>rofi</span> <span class='ocrx_word' id='word_1_316' title='bbox 665 2743 721 2787; x_wconf 78' lang='grc' dir='ltr'>δή-</span> 
     </span>
    </p>
   </div>
   <div class='ocr_carea' id='block_1_10' title="bbox 783 1547 1430 2777">
    <p class='ocr_par' dir='ltr' id='par_1_13' title="bbox 784 1547 1427 1959">
     <span class='ocr_line' id='line_1_52' title="bbox 787 1547 1427 1590; baseline 0.002 -11"><span class='ocrx_word' id='word_1_317' title='bbox 787 1549 981 1580; x_wconf 85' lang='lat' dir='ltr'>Verissime</span> <span class='ocrx_word' id='word_1_318' title='bbox 1020 1548 1048 1578; x_wconf 90' lang='grc' dir='ltr'>Ι.</span> <span class='ocrx_word' id='word_1_319' title='bbox 1081 1547 1315 1581; x_wconf 87' lang='lat' dir='ltr'>Bekkerus</span> <span class='ocrx_word' id='word_1_320' title='bbox 1343 1547 1427 1590; x_wconf 81' lang='grc' dir='ltr'><strong><em>μηδὲ</em></strong></span> 
     </span>
     <span class='ocr_line' id='line_1_53' title="bbox 785 1594 1427 1636; baseline -0.002 -10"><span class='ocrx_word' id='word_1_321' title='bbox 785 1596 953 1636; x_wconf 82' lang='lat' dir='ltr'>requirit,</span> <span class='ocrx_word' id='word_1_322' title='bbox 999 1595 1172 1635; x_wconf 78' lang='lat' dir='ltr'>siquidem</span> <span class='ocrx_word' id='word_1_323' title='bbox 1209 1600 1290 1635; x_wconf 83' lang='lat' dir='ltr'>post</span> <span class='ocrx_word' id='word_1_324' title='bbox 1324 1594 1427 1626; x_wconf 78' lang='grc' dir='ltr'><strong><em>ἄλλον</em></strong></span> 
     </span>
     <span class='ocr_line' id='line_1_54' title="bbox 786 1638 1426 1682; baseline 0 -10"><span class='ocrx_word' id='word_1_325' title='bbox 786 1642 913 1672; x_wconf 87' lang='lat' dir='ltr'>deinde</span> <span class='ocrx_word' id='word_1_326' title='bbox 940 1638 1069 1671; x_wconf 80' lang='grc' dir='ltr'><strong><em>δοῦλον</em></strong></span> <span class='ocrx_word' id='word_1_327' title='bbox 1100 1645 1135 1670; x_wconf 87' lang='lat' dir='ltr'>et</span> <span class='ocrx_word' id='word_1_328' title='bbox 1161 1638 1350 1682; x_wconf 73' lang='grc' dir='ltr'><strong><em>ἐλεύθερον</em></strong></span> <span class='ocrx_word' id='word_1_329' title='bbox 1373 1642 1426 1672; x_wconf 89' lang='lat' dir='ltr'>in-</span> 
     </span>
     <span class='ocr_line' id='line_1_55' title="bbox 784 1688 1427 1728; baseline 0 -10"><span class='ocrx_word' id='word_1_330' title='bbox 784 1693 837 1718; x_wconf 88' lang='lat' dir='ltr'>ter</span> <span class='ocrx_word' id='word_1_331' title='bbox 861 1697 897 1719; x_wconf 88' lang='lat' dir='ltr'>se</span> <span class='ocrx_word' id='word_1_332' title='bbox 922 1690 1149 1728; x_wconf 85' lang='lat' dir='ltr'>opponuntur</span> <span class='ocrx_word' id='word_1_333' title='bbox 1174 1691 1278 1728; x_wconf 83' lang='lat' dir='ltr'>atque</span> <span class='ocrx_word' id='word_1_334' title='bbox 1303 1688 1427 1719; x_wconf 88' lang='lat' dir='ltr'>distin-</span> 
     </span>
     <span class='ocr_line' id='line_1_56' title="bbox 785 1733 1425 1775; baseline 0.002 -12"><span class='ocrx_word' id='word_1_335' title='bbox 785 1738 956 1774; x_wconf 83' lang='lat' dir='ltr'>guuntur,</span> <span class='ocrx_word' id='word_1_336' title='bbox 988 1733 1054 1764; x_wconf 86' lang='lat' dir='ltr'>hoc</span> <span class='ocrx_word' id='word_1_337' title='bbox 1086 1742 1209 1763; x_wconf 73' lang='lat' dir='ltr'>sensuz</span> <span class='ocrx_word' id='word_1_338' title='bbox 1259 1743 1425 1775; x_wconf 88' lang='lat' dir='ltr'>neque</span> 
     </span>
     <span class='ocr_line' id='line_1_57' title="bbox 785 1779 1426 1820; baseline 0 -9"><span class='ocrx_word' id='word_1_339' title='bbox 785 1779 874 1820; x_wconf 82' lang='lat' dir='ltr'>ipse</span> <span class='ocrx_word' id='word_1_340' title='bbox 899 1779 1109 1810; x_wconf 84' lang='lat' dir='ltr'>exhibeto</span> <span class='ocrx_word' id='word_1_341' title='bbox 1135 1779 1337 1819; x_wconf 86' lang='lat' dir='ltr'>euiquam</span> <span class='ocrx_word' id='word_1_342' title='bbox 1359 1789 1426 1811; x_wconf 87' lang='lat' dir='ltr'>ne-</span> 
     </span>
     <span class='ocr_line' id='line_1_58' title="bbox 787 1822 1426 1867; baseline 0.003 -12"><span class='ocrx_word' id='word_1_343' title='bbox 787 1835 865 1867; x_wconf 90' lang='lat' dir='ltr'>que</span> <span class='ocrx_word' id='word_1_344' title='bbox 895 1824 1028 1857; x_wconf 85' lang='lat' dir='ltr'>alium</span> <span class='ocrx_word' id='word_1_345' title='bbox 1066 1822 1266 1857; x_wconf 78' lang='lat' dir='ltr'>docuisse</span> <span class='ocrx_word' id='word_1_346' title='bbox 1309 1835 1426 1866; x_wconf 88' lang='lat' dir='ltr'>repe-</span> 
     </span>
     <span class='ocr_line' id='line_1_59' title="bbox 785 1871 1426 1915; baseline 0 -12"><span class='ocrx_word' id='word_1_347' title='bbox 785 1872 941 1911; x_wconf 83' lang='lat' dir='ltr'>riatur,</span> <span class='ocrx_word' id='word_1_348' title='bbox 967 1871 1043 1911; x_wconf 91' lang='lat' dir='ltr'>qui</span> <span class='ocrx_word' id='word_1_349' title='bbox 1071 1879 1225 1902; x_wconf 83' lang='lat' dir='ltr'>servus</span> <span class='ocrx_word' id='word_1_350' title='bbox 1256 1872 1332 1915; x_wconf 84' lang='lat' dir='ltr'>sit,</span> <span class='ocrx_word' id='word_1_351' title='bbox 1357 1881 1426 1903; x_wconf 90' lang='lat' dir='ltr'>ne-</span> 
     </span>
     <span class='ocr_line' id='line_1_60' title="bbox 788 1916 1253 1959; baseline -0.004 -11"><span class='ocrx_word' id='word_1_352' title='bbox 788 1928 869 1959; x_wconf 90' lang='lat' dir='ltr'>que</span> <span class='ocrx_word' id='word_1_353' title='bbox 896 1917 1027 1948; x_wconf 84' lang='lat' dir='ltr'>etiam</span> <span class='ocrx_word' id='word_1_354' title='bbox 1053 1916 1253 1947; x_wconf 89' lang='lat' dir='ltr'>liberum.</span> 
     </span>
    </p>

    <p class='ocr_par' dir='ltr' id='par_1_14' title="bbox 783 1959 1429 2691">
     <span class='ocr_line' id='line_1_61' title="bbox 832 1959 1426 2004; baseline 0.002 -12"><span class='ocrx_word' id='word_1_355' title='bbox 832 1961 1026 2003; x_wconf 84' lang='grc' dir='ltr'><strong><em>περὶτοῦ</em></strong></span> <span class='ocrx_word' id='word_1_356' title='bbox 1051 1964 1191 1992; x_wconf 85' lang='grc' dir='ltr'><strong><em>ποιεῖν</em></strong></span> <span class='ocrx_word' id='word_1_357' title='bbox 1222 1961 1285 1993; x_wconf 74' lang='grc' dir='ltr'>εἰς</span> <span class='ocrx_word' id='word_1_358' title='bbox 1310 1959 1426 2004; x_wconf 79' lang='grc' dir='ltr'><strong><em>ἀλλή-</em></strong></span> 
     </span>
     <span class='ocr_line' id='line_1_62' title="bbox 785 2007 1427 2050; baseline -0.002 -10"><span class='ocrx_word' id='word_1_359' title='bbox 785 2008 904 2050; x_wconf 76' lang='grc' dir='ltr'><strong><em>λους]</em></strong></span> <span class='ocrx_word' id='word_1_360' title='bbox 933 2007 1049 2049; x_wconf 87' lang='lat' dir='ltr'>quod</span> <span class='ocrx_word' id='word_1_361' title='bbox 1075 2007 1239 2038; x_wconf 85' lang='lat' dir='ltr'>attinet</span> <span class='ocrx_word' id='word_1_362' title='bbox 1263 2009 1316 2039; x_wconf 88' lang='lat' dir='ltr'>ad</span> <span class='ocrx_word' id='word_1_363' title='bbox 1340 2018 1427 2040; x_wconf 84' lang='lat' dir='ltr'>car-</span> 
     </span>
     <span class='ocr_line' id='line_1_63' title="bbox 786 2054 1427 2087; baseline 0 -1"><span class='ocrx_word' id='word_1_364' title='bbox 786 2056 904 2087; x_wconf 86' lang='lat' dir='ltr'>mina</span> <span class='ocrx_word' id='word_1_365' title='bbox 933 2055 976 2085; x_wconf 90' lang='lat' dir='ltr'>in</span> <span class='ocrx_word' id='word_1_366' title='bbox 1008 2063 1051 2083; x_wconf 88' lang='lat' dir='ltr'>se</span> <span class='ocrx_word' id='word_1_367' title='bbox 1083 2058 1230 2084; x_wconf 84' lang='lat' dir='ltr'>mutuo</span> <span class='ocrx_word' id='word_1_368' title='bbox 1267 2054 1427 2086; x_wconf 85' lang='lat' dir='ltr'>facien-</span> 
     </span>
     <span class='ocr_line' id='line_1_64' title="bbox 787 2099 1428 2139; baseline -0.003 -6"><span class='ocrx_word' id='word_1_369' title='bbox 787 2102 849 2133; x_wconf 80' lang='lat' dir='ltr'>da.</span> <span class='ocrx_word' id='word_1_370' title='bbox 898 2100 1018 2131; x_wconf 84' lang='lat' dir='ltr'>Verba</span> <span class='ocrx_word' id='word_1_371' title='bbox 1042 2099 1117 2139; x_wconf 84' lang='grc' dir='ltr'><strong><em>περὶ</em></strong></span> <span class='ocrx_word' id='word_1_372' title='bbox 1144 2102 1206 2130; x_wconf 83' lang='grc' dir='ltr'>τοῦ</span> <span class='ocrx_word' id='word_1_373' title='bbox 1232 2100 1310 2132; x_wconf 81' lang='lat' dir='ltr'>eiici</span> <span class='ocrx_word' id='word_1_374' title='bbox 1330 2101 1428 2132; x_wconf 87' lang='lat' dir='ltr'>iubet</span> 
     </span>
     <span class='ocr_line' id='line_1_65' title="bbox 784 2144 1428 2188; baseline -0.002 -9"><span class='ocrx_word' id='word_1_375' title='bbox 784 2147 958 2179; x_wconf 86' lang='lat' dir='ltr'>Astius.</span> <span class='ocrx_word' id='word_1_376' title='bbox 1007 2144 1078 2177; x_wconf 86' lang='lat' dir='ltr'>Sed</span> <span class='ocrx_word' id='word_1_377' title='bbox 1103 2145 1178 2187; x_wconf 86' lang='grc' dir='ltr'><strong><em>περὶ</em></strong></span> <span class='ocrx_word' id='word_1_378' title='bbox 1203 2145 1261 2177; x_wconf 83' lang='lat' dir='ltr'>hic</span> <span class='ocrx_word' id='word_1_379' title='bbox 1286 2157 1428 2188; x_wconf 89' lang='lat' dir='ltr'>quoque</span> 
     </span>
     <span class='ocr_line' id='line_1_66' title="bbox 783 2191 1427 2235; baseline 0 -11"><span class='ocrx_word' id='word_1_380' title='bbox 783 2194 928 2235; x_wconf 89' lang='lat' dir='ltr'>ponitur</span> <span class='ocrx_word' id='word_1_381' title='bbox 965 2191 1145 2232; x_wconf 84' lang='lat' dir='ltr'>absolute,</span> <span class='ocrx_word' id='word_1_382' title='bbox 1178 2192 1228 2223; x_wconf 84' lang='lat' dir='ltr'>ita</span> <span class='ocrx_word' id='word_1_383' title='bbox 1258 2197 1295 2223; x_wconf 92' lang='lat' dir='ltr'>ut</span> <span class='ocrx_word' id='word_1_384' title='bbox 1328 2193 1427 2224; x_wconf 85' lang='lat' dir='ltr'>verbi</span> 
     </span>
     <span class='ocr_line' id='line_1_67' title="bbox 785 2238 1428 2281; baseline -0.003 -10"><span class='ocrx_word' id='word_1_385' title='bbox 785 2239 946 2281; x_wconf 86' lang='lat' dir='ltr'>primarii</span> <span class='ocrx_word' id='word_1_386' title='bbox 983 2238 1079 2268; x_wconf 87' lang='lat' dir='ltr'>nulla</span> <span class='ocrx_word' id='word_1_387' title='bbox 1124 2238 1270 2269; x_wconf 84' lang='lat' dir='ltr'>ducatur</span> <span class='ocrx_word' id='word_1_388' title='bbox 1315 2239 1428 2281; x_wconf 79' lang='lat' dir='ltr'>rati03</span> 
     </span>
     <span class='ocr_line' id='line_1_68' title="bbox 787 2283 1427 2327; baseline -0.003 -10"><span class='ocrx_word' id='word_1_389' title='bbox 787 2296 891 2327; x_wconf 78' lang='lat' dir='ltr'>quam</span> <span class='ocrx_word' id='word_1_390' title='bbox 915 2283 1083 2325; x_wconf 88' lang='lat' dir='ltr'>loquendi</span> <span class='ocrx_word' id='word_1_391' title='bbox 1110 2285 1284 2315; x_wconf 83' lang='lat' dir='ltr'>rationem</span> <span class='ocrx_word' id='word_1_392' title='bbox 1308 2285 1427 2325; x_wconf 86' lang='lat' dir='ltr'>paullo</span> 
     </span>
     <span class='ocr_line' id='line_1_69' title="bbox 785 2328 1428 2370; baseline -0.002 -7"><span class='ocrx_word' id='word_1_393' title='bbox 785 2336 866 2363; x_wconf 85' lang='lat' dir='ltr'>ante</span> <span class='ocrx_word' id='word_1_394' title='bbox 891 2330 955 2364; x_wconf 90' lang='lat' dir='ltr'>Xl.</span> <span class='ocrx_word' id='word_1_395' title='bbox 982 2328 1108 2370; x_wconf 82' lang='lat' dir='ltr'>p.915.</span> <span class='ocrx_word' id='word_1_396' title='bbox 1135 2329 1177 2360; x_wconf 83' lang='lat' dir='ltr'>E.</span> <span class='ocrx_word' id='word_1_397' title='bbox 1202 2329 1282 2363; x_wconf 77' lang='lat'>932.</span> <span class='ocrx_word' id='word_1_398' title='bbox 1310 2330 1350 2363; x_wconf 88' lang='lat' dir='ltr'>E.</span> <span class='ocrx_word' id='word_1_399' title='bbox 1376 2334 1428 2362; x_wconf 85' lang='lat' dir='ltr'>at—</span> 
     </span>
     <span class='ocr_line' id='line_1_70' title="bbox 786 2375 1429 2419; baseline -0.002 -11"><span class='ocrx_word' id='word_1_400' title='bbox 786 2379 941 2419; x_wconf 86' lang='lat' dir='ltr'>tigimus.</span> <span class='ocrx_word' id='word_1_401' title='bbox 989 2375 1244 2416; x_wconf 83' lang='lat' dir='ltr'>Stephanus</span> <span class='ocrx_word' id='word_1_402' title='bbox 1276 2377 1429 2408; x_wconf 81' lang='lat' dir='ltr'>malebat</span> 
     </span>
     <span class='ocr_line' id='line_1_71' title="bbox 788 2419 1428 2464; baseline -0.002 -9"><span class='ocrx_word' id='word_1_403' title='bbox 788 2424 867 2464; x_wconf 78' lang='grc' dir='ltr'><strong><em>περί</em></strong></span> <span class='ocrx_word' id='word_1_404' title='bbox 889 2433 967 2458; x_wconf 74' lang='grc' dir='ltr'>του,</span> <span class='ocrx_word' id='word_1_405' title='bbox 992 2423 1014 2454; x_wconf 92' lang='lat' dir='ltr'>i.</span> <span class='ocrx_word' id='word_1_406' title='bbox 1043 2431 1073 2452; x_wconf 88' lang='lat' dir='ltr'>e.</span> <span class='ocrx_word' id='word_1_407' title='bbox 1101 2420 1176 2462; x_wconf 76' lang='grc' dir='ltr'><strong><em>περὶ</em></strong></span> <span class='ocrx_word' id='word_1_408' title='bbox 1203 2419 1304 2458; x_wconf 76' lang='grc' dir='ltr'><strong><em>τινός,</em></strong></span> <span class='ocrx_word' id='word_1_409' title='bbox 1331 2422 1428 2462; x_wconf 88' lang='lat' dir='ltr'>quod</span> 
     </span>
     <span class='ocr_line' id='line_1_72' title="bbox 786 2465 1426 2508; baseline -0.003 -7"><span class='ocrx_word' id='word_1_410' title='bbox 786 2470 994 2502; x_wconf 77' lang='lat' dir='ltr'>adversatur</span> <span class='ocrx_word' id='word_1_411' title='bbox 1018 2468 1216 2508; x_wconf 87' lang='lat' dir='ltr'>insequenti</span> <span class='ocrx_word' id='word_1_412' title='bbox 1252 2466 1302 2499; x_wconf 75' lang='grc' dir='ltr'>εἰς</span> <span class='ocrx_word' id='word_1_413' title='bbox 1327 2465 1426 2508; x_wconf 80' lang='grc' dir='ltr'><strong><em>ἀλλή-</em></strong></span> 
     </span>
     <span class='ocr_line' id='line_1_73' title="bbox 787 2513 1426 2554; baseline -0.005 -8"><span class='ocrx_word' id='word_1_414' title='bbox 787 2517 880 2546; x_wconf 75' lang='grc' dir='ltr'><strong><em>λους.</em></strong></span> <span class='ocrx_word' id='word_1_415' title='bbox 927 2513 1126 2554; x_wconf 81' lang='lat' dir='ltr'>Respicitur</span> <span class='ocrx_word' id='word_1_416' title='bbox 1154 2513 1198 2544; x_wconf 81' lang='lat' dir='ltr'>ad</span> <span class='ocrx_word' id='word_1_417' title='bbox 1225 2524 1258 2554; x_wconf 83' lang='lat' dir='ltr'>p,</span> <span class='ocrx_word' id='word_1_418' title='bbox 1285 2513 1363 2548; x_wconf 83' lang='lat'>816.</span> <span class='ocrx_word' id='word_1_419' title='bbox 1384 2515 1426 2548; x_wconf 84' lang='grc' dir='ltr'>Ε,</span> 
     </span>
     <span class='ocr_line' id='line_1_74' title="bbox 787 2557 1427 2600; baseline 0 -8"><span class='ocrx_word' id='word_1_420' title='bbox 787 2562 874 2593; x_wconf 85' lang='lat' dir='ltr'>Mox</span> <span class='ocrx_word' id='word_1_421' title='bbox 899 2560 942 2592; x_wconf 89' lang='lat' dir='ltr'>de</span> <span class='ocrx_word' id='word_1_422' title='bbox 966 2570 1032 2590; x_wconf 87' lang='lat' dir='ltr'>usu</span> <span class='ocrx_word' id='word_1_423' title='bbox 1058 2559 1153 2590; x_wconf 88' lang='lat' dir='ltr'>verbi</span> <span class='ocrx_word' id='word_1_424' title='bbox 1181 2557 1359 2600; x_wconf 78' lang='grc' dir='ltr'><strong><em>ἐγκρίνειν.</em></strong></span> <span class='ocrx_word' id='word_1_425' title='bbox 1395 2570 1427 2592; x_wconf 85' lang='lat' dir='ltr'>v.</span> 
     </span>
     <span class='ocr_line' id='line_1_75' title="bbox 787 2605 1429 2647; baseline -0.002 -8"><span class='ocrx_word' id='word_1_426' title='bbox 787 2617 868 2639; x_wconf 82' lang='lat' dir='ltr'>ann.</span> <span class='ocrx_word' id='word_1_427' title='bbox 900 2606 944 2637; x_wconf 77' lang='lat' dir='ltr'>ad</span> <span class='ocrx_word' id='word_1_428' title='bbox 975 2606 1072 2637; x_wconf 89' lang='lat' dir='ltr'>Libr.</span> <span class='ocrx_word' id='word_1_429' title='bbox 1100 2605 1178 2637; x_wconf 85' lang='lat' dir='ltr'>Vll.</span> <span class='ocrx_word' id='word_1_430' title='bbox 1211 2615 1243 2647; x_wconf 88' lang='lat' dir='ltr'>p.</span> <span class='ocrx_word' id='word_1_431' title='bbox 1270 2605 1350 2641; x_wconf 78' lang='lat'>802.</span> <span class='ocrx_word' id='word_1_432' title='bbox 1387 2606 1429 2639; x_wconf 90' lang='grc' dir='ltr'>Β.</span> 
     </span>
     <span class='ocr_line' id='line_1_76' title="bbox 789 2650 1213 2691; baseline -0.009 -5"><span class='ocrx_word' id='word_1_433' title='bbox 789 2653 869 2686; x_wconf 88' lang='lat' dir='ltr'>coll.</span> <span class='ocrx_word' id='word_1_434' title='bbox 894 2652 981 2683; x_wconf 88' lang='lat' dir='ltr'>XII.</span> <span class='ocrx_word' id='word_1_435' title='bbox 1005 2661 1039 2691; x_wconf 88' lang='lat' dir='ltr'>p.</span> <span class='ocrx_word' id='word_1_436' title='bbox 1062 2650 1141 2685; x_wconf 80' lang='lat'>952.</span> <span class='ocrx_word' id='word_1_437' title='bbox 1168 2652 1213 2682; x_wconf 88' lang='lat' dir='ltr'>A.-</span> 
     </span>
    </p>

    <p class='ocr_par' dir='ltr' id='par_1_15' title="bbox 794 2695 1430 2777">
     <span class='ocr_line' id='line_1_77' title="bbox 835 2695 1430 2740; baseline -0.003 -10"><span class='ocrx_word' id='word_1_438' title='bbox 835 2697 921 2739; x_wconf 86' lang='lat' dir='ltr'>Cap.</span> <span class='ocrx_word' id='word_1_439' title='bbox 949 2695 1049 2728; x_wconf 82' lang='lat' dir='ltr'>le.</span> <span class='ocrx_word' id='word_1_440' title='bbox 1076 2697 1116 2728; x_wconf 91' lang='lat' dir='ltr'>B.</span> <span class='ocrx_word' id='word_1_441' title='bbox 1138 2697 1203 2728; x_wconf 83' lang='grc' dir='ltr'>καὶ</span> <span class='ocrx_word' id='word_1_442' title='bbox 1229 2697 1430 2740; x_wconf 79' lang='grc' dir='ltr'>μετρίως]</span> 
     </span>
     <span class='ocr_line' id='line_1_78' title="bbox 794 2743 1192 2777; baseline 0.003 -2"><span class='ocrx_word' id='word_1_443' title='bbox 794 2745 863 2777; x_wconf 88' lang='lat' dir='ltr'>vel</span> <span class='ocrx_word' id='word_1_444' title='bbox 889 2743 1192 2776; x_wconf 78' lang='lat' dir='ltr'>mediocriter.</span> 
     </span>
    </p>
   </div>
   <div class='ocr_carea' id='block_1_11' title="bbox 1058 2799 1166 2841">
    <p class='ocr_par' dir='ltr' id='par_1_16' title="bbox 1058 2799 1166 2841">
     <span class='ocr_line' id='line_1_79' title="bbox 1058 2799 1166 2841; baseline 0.019 -2"><span class='ocrx_word' id='word_1_445' title='bbox 1058 2799 1166 2841; x_wconf 72' lang='lat'>21²¹·</span> 
     </span>
    </p>
   </div>
  </div>
 </body>
</html>
