1781 2971
320 112 401 152 350
797 111 1182 155 PLATONIS

319 235 462 282 τεμεῖν
497 225 550 278 δὴ
585 226 725 283 χρεών
760 228 873 272 κατὰ
916 228 1105 282 δύναμιν
1127 228 1175 272 τὸ
1199 231 1347 284 μεῖζον
1382 230 1453 272 καὶ
1491 228 1539 273 τὸ
1577 231 1673 279 δυς-

316 299 568 349 χερέστερον
612 293 749 337 κακὸν
788 295 880 338 ἀπὸ
928 297 1007 338 τοῦ
1055 301 1275 340 ἐναντίου.
1319 294 1472 351 σχεδὸν
1509 290 1589 340 οὖν
1626 302 1674 339 ὲν

319 368 414 409 τοῖς
462 358 671 403 ὀνείδεσιν
719 366 805 417 ἔχει.
852 361 951 405 τινὰ
1002 363 1142 418 τομὴν
1177 362 1203 416 ἡ
1243 362 1411 406 τούτων
1447 365 1534 405 τῶν
1569 362 1672 406 ὀνο·

255 509 292 551 C
323 492 586 548 ὀνομάζοιτ’

323 559 485 614 ὁμοίως
529 561 614 617 γάρ
667 559 688 604 ὅ
732 577 775 604 τε
810 561 1081 620 ἀφαιρεθεὶς
1115 561 1213 618 μετ’

513 626 571 669 ἂν
619 625 851 706 ῥίψασπις
883 627 904 672 ὅ
956 646 1000 672 τε
1038 629 1168 687 o'cqecg·
1210 629 1346 685 ἑκών,
1390 632 1584 688 διαφέρει
1627 632 1672 673 δὲ

319 426 472 480 μάτων
518 429 712 486 ἐπιφορά
730 441 741 452 ·

318 644 446 682 γνοιτ

320 692 427 738 ὅλον
465 710 550 737 που
586 712 658 737 και
699 694 747 738 τὸ
786 698 894 739 πᾶν.
931 689 1006 739 ὧδ’

634 492 694 537 ἂν
738 497 936 551 δικαίως,
992 494 1245 552 ἀποβολευς
1289 499 1334 539 ὁὲ
1380 494 1541 539 ὅπλων.

790 427 1009 487 ῥίψασπις
1054 433 1135 484 μὲν
1183 428 1269 485 γάρ
1321 429 1403 473 οὐκ
1446 434 1493 472 ὲν
1539 431 1674 472 πᾶσιν

1594 496 1674 552 οὐχ

1264 566 1425 612 εικυιάς
1467 565 1569 618 βίας
1609 566 1673 618 γί-

1060 690 1141 740 οὖν
1189 695 1242 748 δὴ
1291 700 1487 751 λεὶέσθω
1524 695 1672 752 νόμῳ·

315 761 421 804 Ἐάν
457 760 913 817 καταλαμβανόμενός
958 780 1022 812 τις
1068 762 1155 807 ὑπὸ
1202 766 1422 818 πολεμίων
1458 766 1530 806 καὶ
1564 766 1674 819 ἔχων

318 827 436 871 ὅπλα
471 827 531 884 μὴ
567 827 823 890 ἀναστρέφῃ
859 831 932 873 καὶ
977 829 1221 885 ἀμύνηται,

411 1003 449 1034 Β.
500 1002 546 1034 τὸ
583 1003 921 1047 δυςχερέστερον
955 1002 1107 1048 κακὸν]
1135 1007 1194 1038 Sic
1224 1007 1271 1037 Ω.

1268 830 1362 891 ἀφῇ
1409 832 1454 873 δὲ
1497 828 1605 873 ἑκών
1645 826 1671 881 ἢ

1311 1010 1346 1038 et
1378 1015 1408 1036 a.
1445 1015 1532 1037 corr.
1567 1006 1668 1038 item-

317 1059 384 1090 que
409 1059 435 1080 r.
463 1048 493 1080 δ.
545 1050 661 1090 Vulgo
677 1050 967 1103 διςχερέστητον,
1017 1051 1087 1083 Pro
1114 1055 1226 1094 τεμεῖν
1255 1053 1354 1083 v0.ss
1381 1061 1413 1083 x.
1440 1050 1557 1083 τελεῖν.

411 1094 449 1126 C.
499 1094 606 1135 μετὰ
634 1093 804 1135 τάχους
829 1095 1017 1138 μᾶλλον]
1047 1097 1117 1129 Pro
1144 1096 1274 1136 τοίχοις
1303 1096 1446 1129 Photius
1475 1107 1501 1130 s.
1528 1107 1558 1128 v.
1584 1094 1670 1152 ›105er

318 1140 421 1172 habet
451 1152 563 1181 κακης.

621 1141 706 1173 Dein
742 1142 817 1173 libri
852 1152 973 1174 omnes
1008 1147 1157 1184 excepto
1190 1154 1218 1174 c.

1275 1147 1312 1175 ut
1343 1143 1416 1175 fere
1448 1143 1580 1182 solent,
1611 1139 1671 1173 οἶν-

317 1185 450 1227 δρείας,
478 1186 569 1227 quod
598 1187 777 1219 Bekkerus
804 1188 969 1220 arbitratu
997 1198 1060 1220 suo
1087 1190 1139 1220 hic
1164 1198 1301 1230 quoque
1328 1189 1359 1220 iu
1385 1186 1529 1231 ἀνδρίας
1556 1193 1670 1220 muta-

318 1233 376 1264 vit.
402 1232 432 1263 in
459 1242 528 1274 quo
558 1236 593 1264 et
624 1231 675 1264 liic
702 1239 737 1265 et
763 1233 842 1265 alibi
870 1243 947 1266 eum
977 1235 1111 1276 sequuti
1137 1240 1219 1266 sunt
1244 1235 1366 1267 ducem
1391 1233 1614 1267 Turicenses.

320 1367 592 1409 εὐδιάβολον
629 1368 764 1402 κακὸν
809 1369 962 1402 καλλύ-

321 1427 417 1455 νων,
458 1415 616 1447 malum
656 1415 794 1449 facile
832 1417 963 1449 obno-

320 1462 431 1493 xium
459 1461 841 1494 criminationibus
871 1463 959 1505 pul-

320 1517 395 1540 cra
423 1507 575 1547 specie
602 1517 833 1540 exornans.

364 1556 515 1593 τεμεῖν
571 1552 616 1593 δὴ
670 1552 806 1596 χρεῶν
853 1553 958 1586 κατὰ

319 1597 506 1637 δύναμιν
532 1598 592 1640 -]
618 1601 861 1642 seiungere
886 1600 961 1641 (di-

320 1644 517 1685 stinguere)
578 1645 717 1685 igitur
775 1650 962 1687 oportet

321 1701 396 1732 pro
434 1690 606 1721 viribus
640 1691 777 1722 maius
812 1692 960 1723 malum

320 1740 364 1769 et
415 1739 613 1768 tractatu
661 1736 900 1769 difficilius
940 1747 960 1768 a

320 1782 562 1814 contrario.
614 1779 666 1813 Et
697 1782 829 1815 habet
855 1793 960 1815 vero

318 1827 357 1859 in
385 1827 609 1859 conviciis
636 1829 958 1862 seiunctionem

319 1873 529 1915 quandam
558 1873 713 1906 talium
742 1875 958 1908 nominum

320 1920 574 1960 usurpatio.
640 1919 780 1953 Etenim
823 1921 960 1953 diversa

317 1975 405 2007 quae
431 1969 510 1997 sunt
535 1968 657 1997 natura
683 1976 760 2005 sua,
788 1977 828 1999 ea
855 1968 959 1999 etiam

316 2011 462 2044 diversis
494 2011 691 2044 nominibus
726 2016 845 2045 censet
875 2013 960 2044 insi-

316 2057 465 2099 gnienda
496 2067 593 2096 esse,
634 2068 840 2100 quamquam
876 2059 960 2091 alias

317 2114 424 2145 saepe
450 2102 595 2135 honesta
611 2107 715 2144 atque
732 2105 843 2146 turpia
863 2114 958 2136 com-

317 2150 410 2181 muni
437 2149 574 2181 nomine
595 2149 958 2203 comprehendantur.

317 2195 387 2227 Pro
412 2193 554 2234 σχεδόν
563 2189 625 2226 οὖν
658 2195 736 2227 vide
769 2206 810 2228 au
841 2198 959 2238 legen·

318 2241 398 2273 dum
425 2241 471 2272 sit
495 2239 621 2280 σχεδὸν
644 2239 679 2273 δ’
706 2253 781 2273 ουν.

361 2287 581 2330 ῥίψασπις
614 2288 690 2328 μὲν
711 2285 790 2330 γὰρ
817 2285 892 2319 ουκ
918 2286 960 2318 ἐν

315 2332 442 2374 πᾶσι]
481 2332 719 2374 Distinguitur
759 2334 826 2366 iam
870 2334 959 2365 inter

314 2379 484 2421 ῥίψασπις
521 2382 557 2410 et
594 2377 791 2419 α’τιοβολεὺς
832 2378 959 2412 ὅπλων.

316 2424 398 2458 Quo
424 2424 563 2457 nomine
589 2425 701 2457 locum
718 2425 834 2457 laudat
861 2425 957 2457 Pol-

315 2470 388 2502 lux
428 2470 554 2503 Onom.
600 2470 656 2502 VI.
697 2470 759 2505 36:
810 2469 954 2512 Ῥίψιι·

315 2525 432 2552 σπις·
458 2515 516 2546 ἐπὶ
546 2515 581 2547 δὲ
600 2514 734 2548 τούτου
759 2515 776 2548 o‘
805 2515 955 2548 Πλάτων

313 2562 432 2602 φησίν·
470 2561 640 2602 ῥίψασπις
686 2563 748 2604 μὲν
784 2561 850 2605 γὰρ
891 2559 954 2594 ουίι

311 2607 346 2637 ἐν
373 2609 476 2637 πᾶσιν
502 2605 706 2648 ὀνομάζοιτ’
733 2606 776 2640 ἄν
800 2607 950 2646 δικαίως,

309 2650 508 2693 α’ποβολεὺς
534 2652 568 2683 δὲ
593 2651 717 2686 ὅπλων.
745 2671 788 2679 —-
816 2654 856 2685 ἐν
880 2655 951 2683 πᾶ·-

311 2710 402 2738 σιν,
434 2697 472 2729 in
504 2699 656 2739 quavis
690 2709 824 2733 rerum
851 2708 949 2732 con-

1033 1370 1228 1411 ditione,
1266 1375 1392 1404 uuter
1431 1370 1546 1402 allen
1578 1369 1668 1402 Um-

1032 1416 1231 1450 standen.
1291 1416 1350 1450 Sic
1381 1418 1415 1449 ἐν
1446 1419 1520 1452 τοῖς
1551 1413 1670 1447 τοιού-

1029 1475 1105 1499 τοις
1130 1467 1165 1495 et
1191 1463 1325 1502 similia,
1350 1462 1394 1496 de
1418 1461 1542 1504 quibus
1568 1471 1599 1493 v.
1627 1461 1670 1494 ad

1031 1508 1171 1541 Menex.
1211 1520 1244 1551 p.
1283 1508 1362 1544 288.
1408 1508 1447 1540 Β.
1480 1526 1526 1531 -
1573 1505 1666 1550 μετ’

1030 1555 1196 1592 εἰκυίας
1242 1555 1361 1596 βίας,
1411 1554 1528 1586 iusta
1580 1563 1669 1586 cum

1030 1600 1264 1633 violentia.
1302 1619 1341 1623 —
1393 1599 1596 1641 διαφέρει
1628 1598 1670 1628 δὲ

1031 1645 1136 1677 δ’λον
1167 1665 1210 1669 —
1243 1645 1314 1676 καὶ
1351 1644 1400 1677 τὸ
1435 1647 1540 1684 πᾶν,
1572 1648 1668 1676 toto

1030 1692 1154 1724 coelo
1180 1691 1366 1731 dissert,
1409 1690 1585 1731 penitus
1626 1696 1670 1722 et

1031 1742 1173 1769 totum
1221 1741 1432 1778 quantum
1487 1735 1667 1778 differt,

1030 1787 1069 1815 ut
1094 1782 1342 1824 interpretatur
1360 1781 1666 1822 Wyttenbaeh.

1029 1828 1071 1861 ad
1099 1828 1275 1861 Phaedon.
1311 1840 1342 1870 p.
1369 1827 1448 1861 203.
1474 1838 1517 1858 z
1544 1827 1598 1861 79.
1626 1827 1667 1859 E.

1031 1875 1130 1906 cuius
1157 1885 1186 1906 v.
1204 1885 1284 1907 aun.
1303 1872 1477 1907 Alcibiad.
1495 1873 1518 1905 l.
1536 1883 1569 1915 p.
1587 1873 1665 1907 109.

1031 1920 1078 1954 B:
1106 1919 1191 1952 ἀλλὰ
1218 1919 1286 1963 μὴν
1312 1918 1421 1952 τοῦτο’
1449 1930 1485 1961 γε
1512 1918 1668 1962 διαφέρει

1030 1964 1115 1998 δ’λον
1140 1966 1198 1997 καὶ
1221 1969 1300 1999 πᾶν.
1350 1965 1470 1998 Simile
1505 1970 1559 1997 est
1583 1965 1666 1997 illud

1031 2010 1097 2053 ὅλῳ
1130 2011 1186 2042 καὶ
1216 2012 1339 2046 παντί,
1374 2011 1418 2043 de
1454 2020 1525 2052 qno
1560 2020 1588 2042 v.
1623 2009 1666 2043 nd

1029 2057 1207 2090 Phaedon
1243 2069 1275 2100 p.
1311 2057 1365 2091 79.
1394 2056 1433 2089 E.
1471 2056 1665 2099 Legg.V1.

1030 2114 1063 2146 p
1091 2104 1168 2138 779.
1198 2103 1236 2135 Β.
1265 2104 1307 2135 V.
1333 2103 1365 2137 6.
1393 2106 1478 2134 extr.

1075 2150 1114 2183 C.
1162 2144 1410 2190 α’ρνιίμενος
1448 2146 1554 2189 μετὰ
1595 2145 1665 2178 ‘ra'-

1026 2206 1105 2235 χοι
1115 2207 1130 2230 ς
1154 2193 1331 2235 μᾶλλον]
1355 2194 1395 2225 Iu
1421 2192 1473 2225 his
1497 2202 1665 2233 quorsum

1027 2239 1121 2273 istud
1146 2239 1231 2281 μετὰ
1249 2238 1376 2279 τάχους
1393 2238 1578 2280 pertineat,
1605 2248 1665 2272 ne-

1027 2296 1085 2318 mo
1112 2285 1210 2317 facile
1235 2285 1371 2317 dixerit.
1413 2283 1606 2317 photius
1632 2296 1665 2327 p.

1028 2331 1113 2371 125,
1139 2331 1200 2365 10:
1228 2329 1363 2371 Κᾰκη·
1388 2332 1528 2371 βαρέως,
1554 2328 1574 2371 ἦ
1604 2343 1663 2362 κα-

1026 2376 1093 2410 ulei.
1128 2378 1161 2406 lv
1192 2375 1335 2419 Νόμοις
1371 2375 1538 2408 Πλάτων·
1575 2375 1660 2417 μετὰ

1028 2422 1154 2463 »ια’κης
1177 2423 1306 2463 μᾶλλον
1332 2419 1353 2461 ἢ
1378 2420 1464 2464 μετὰ
1492 2420 1661 2461 ἀνδρείας.

1025 2470 1144 2511 Atque
1177 2479 1216 2501 ea
1251 2469 1357 2500 lectio
1395 2468 1493 2499 nobis
1523 2467 1660 2508 quidem

1023 2524 1089 2547 non
1125 2513 1263 2546 videtur
1297 2513 1435 2546 dubium
1472 2523 1549 2544 esse
1581 2514 1662 2552 quin

1022 2561 1120 2592 unice
1153 2570 1231 2592 vera
1267 2560 1319 2593 sit.
1376 2559 1520 2590 Frustra
1553 2558 1662 2590 Win-

1022 2607 1259 2639 ckelmann.
1305 2604 1417 2637 Praef.
1455 2603 1544 2636 Edit.
1579 2605 1660 2636 min.

1021 2663 1052 2694 p.
1082 2652 1176 2684 XlV.
1205 2656 1332 2684 lentat:
1357 2647 1552 2694 ἀρνύμενος
1581 2649 1658 2692 μετ’

1018 2697 1039 2729 «ι’
1054 2707 1080 2740 ψ
1090 2697 1166 2739 ύχο
1178 2709 1198 2728 υ
1222 2696 1334 2738 ια’κης.
