1781 2971
330 177 408 216 1⁶24
783 172 1240 216 ARGUMENTUM

326 285 547 340 Quocirca
591 284 665 338 qui
703 285 765 325 ita
793 285 846 327 de
878 285 961 327 diis
992 285 1211 337 sentiunt,
1245 283 1274 324 ii
1306 283 1456 325 merito
1488 283 1680 324 omnium

325 343 553 398 impiorum
593 340 771 394 pessimi
812 341 1084 395 maximeque
1126 340 1295 382 scelesti
1325 338 1548 381 iudicandi
1578 347 1682 381 sunt

327 401 399 455 (p.
442 399 539 439 905.
572 395 623 438 C.
657 422 710 427 —
742 398 838 440 907.
871 397 967 451 R).
996 421 1051 428 —
1109 398 1192 439 His
1231 411 1335 438 vero
1373 396 1583 450 expositis
1616 395 1680 436 vi-

326 455 477 496 demur
507 453 591 494 iam
629 453 804 495 tandem
846 453 955 495 haec
993 453 1078 495 tria
1118 454 1223 495 satis
1265 452 1536 508 probavisse:
1593 452 1681 507 pri-

325 526 440 553 mum
482 509 657 564 quidem
700 509 806 552 deos
845 524 964 557 esse3
1016 509 1173 551 deinde
1221 524 1367 552 curam
1421 523 1496 550 ecs
1538 523 1680 549 rerum

326 568 541 620 omnium,
583 567 711 608 etiam
755 567 1069 620 humanarum,
1101 580 1276 622 gerere3
1318 565 1507 620 denique
1538 565 1680 606 neuti-

327 639 455 679 quam
476 623 573 665 illos
595 623 815 678 precibus,
850 622 1077 665 sacrificiis
1109 629 1153 663 et
1182 622 1433 663 muneribus
1465 623 1682 676 corrumpi

326 695 470 735 posse.
531 679 585 721 In
606 680 764 735 quibus
794 679 1066 735 explicandis
1098 679 1134 720 si
1167 677 1341 733 quando
1372 678 1580 720 fuerimus
1611 692 1681 719 ca-

324 736 502 780 lidiores
544 751 594 779 ac
635 736 1002 789 vehementiores,
1037 734 1352 778 condonandus
1383 735 1465 776 erit
1493 734 1564 776 hic
1592 740 1683 775 stu-

326 793 387 835 dii
429 794 566 835 nostri
596 792 727 834 ardor
756 794 843 847 rei,
874 792 928 834 de
958 808 1046 847 qua
1083 791 1425 847 disputavimus,
1466 791 1681 847 magnitu-

326 850 418 892 dini
449 857 494 891 et
523 849 778 905 gravititati.
832 850 1015 893 Licebit
1033 863 1135 890 vero
1165 863 1281 891 nunc
1302 848 1427 890 finito
1446 847 1682 903 aliquando

327 907 408 948 hoc
439 906 635 962 proemio
665 913 816 948 nostro
849 905 904 946 ad
935 906 1053 960 ipsas
1087 905 1206 961 leges
1229 903 1453 957 accedere,
1486 918 1597 959 quae
1628 903 1682 946 de

325 964 454 1004 rebus
499 962 658 1003 divinis
696 961 957 1003 sanciendae
1002 961 1217 1002 videntur.
1281 961 1573 1014 Posteaquam
1600 961 1681 1016 igi-

325 1026 398 1060 tur
451 1018 667 1061 cohortati
717 1019 878 1060 erimus
925 1018 1105 1073 impios,
1154 1023 1203 1058 ut
1256 1017 1397 1059 exutis
1446 1017 1682 1071 aliquando

325 1076 471 1131 pravis
511 1075 711 1117 sensibus
753 1075 842 1117 suis
883 1074 937 1116 ad
980 1073 1271 1116 verecundam
1311 1088 1414 1130 erga
1455 1073 1560 1115 deos
1591 1074 1682 1130 pie-

326 1138 458 1174 tatem
497 1137 795 1185 revertantur,
836 1131 976 1186 prima
1011 1130 1080 1172 lex
1111 1130 1164 1172 de
1190 1130 1413 1185 impietate
1446 1129 1552 1172 haec
1582 1145 1682 1185 pro·

325 1188 610 1245 mulgabitur:
672 1188 722 1231 Si
762 1188 858 1242 quis
897 1188 1040 1229 verbis
1080 1194 1155 1228 aut
1191 1187 1317 1229 factis
1347 1187 1525 1243 impium
1558 1186 1682 1242 quid-

327 1245 425 1287 dam
456 1245 742 1299 commiserit,
773 1246 834 1298 is,
868 1245 940 1298 qui
973 1245 1085 1285 forte
1117 1242 1290 1285 affuerit
1319 1244 1380 1285 rei
1410 1244 1551 1296 testis,
1585 1259 1681 1285 eum

327 1301 444 1358 apud
484 1302 787 1358 magistratum
837 1307 1066 1351 accusat03
1110 1300 1390 1354 magistratus
1430 1307 1576 1341 autem
1615 1315 1682 1343 se-

326 1358 515 1402 cundum
539 1358 678 1413 legem
703 1358 919 1400 actionem
951 1363 1105 1399 contra
1135 1371 1232 1397 eum
1262 1356 1491 1398 instituito.
1550 1356 1683 1410 Quod

327 1416 400 1471 qui
439 1415 719 1456 intermiserit
757 1421 833 1456 aut
873 1414 1138 1469 neglexerit,
1181 1414 1277 1468 ipse
1317 1413 1552 1468 impietatis
1582 1428 1682 1456 reus

326 1473 379 1514 ab
413 1472 608 1527 quolibet
636 1472 802 1528 agitor,
835 1471 907 1525 qui
939 1472 1057 1527 leges
1087 1470 1271 1511 violatas
1302 1470 1454 1512 ulcisci
1484 1470 1681 1512 voluerit.

327 1528 475 1582 Quum
514 1534 671 1569 autem'
698 1543 797 1570 reus
828 1528 985 1582 aliquis
1016 1527 1148 1568 fuerit
1187 1526 1431 1581 damnatus,
1475 1527 1680 1568 iudicium

324 1586 443 1627 litem
495 1586 738 1626 aestimato.
809 1584 862 1625 In
904 1599 990 1640 quo
1032 1583 1265 1640 diligenter
1303 1584 1385 1625 erit
1423 1583 1680 1636 curandum,

325 1649 374 1683 ut
415 1641 598 1698 singulis
642 1641 877 1698 impietatis
920 1641 1152 1698 generibus
1195 1639 1353 1696 dignae
1384 1656 1550 1696 poenae
1580 1654 1683 1682 con-

325 1699 575 1741 stituantur.
646 1698 756 1740 Nam
802 1705 891 1740 tres
933 1697 1058 1751 illae,
1091 1711 1200 1752 quas
1231 1697 1595 1750 examinavimus,
1628 1696 1682 1739 de

326 1755 409 1798 diis
450 1756 690 1798 sententiae
730 1761 774 1796 et
803 1755 1032 1810 opiniones
1062 1768 1211 1796 rursus
1243 1754 1346 1796 bina
1377 1769 1575 1809 quaeque
1606 1754 1682 1796 ho-

326 1813 487 1854 minum
531 1827 692 1869 genera
734 1813 777 1852 in
818 1827 863 1853 se
895 1811 1271 1867 complectuntur,
1305 1810 1485 1853 alterum
1516 1826 1680 1863 eorum,

325 1870 399 1924 qui
432 1884 565 1924 quum
595 1883 728 1925 prave
757 1867 810 1910 de
844 1868 927 1910 diis
958 1868 1162 1920 sentiant,
1194 1873 1336 1909 tamen
1369 1867 1504 1924 probe
1536 1874 1578 1909 et
1606 1867 1682 1909 ho-

327 1932 450 1967 neste
481 1926 650 1979 vivunt,
683 1925 864 1966 alterum
897 1940 1061 1978 eorum,
1094 1925 1167 1979 qui
1199 1939 1294 1965 cum
1329 1925 1549 1980 impiet-ate
1580 1939 1682 1966 eon-

324 1983 515 2039 iungunt
571 1982 701 2024 etiam
740 1982 855 2023 vitae
894 1980 1207 2037 turpitudinem
1257 1987 1301 2022 et
1347 1981 1666 2036 improbitatem

325 2038 473 2093 Quum
504 2039 638 2096 igitur
669 2053 745 2080 sex
777 2039 864 2080 sint
903 2039 1132 2094 impiorum
1164 2053 1338 2094 genera,
1381 2038 1564 2094 singulis
1603 2053 1682 2093 pro

325 2096 516 2138 criminis
573 2095 873 2152 magnitudine
942 2109 1111 2150 poenae
1152 2094 1505 2148 Lconstituendae
1568 2101 1682 2136 sunt.

324 2152 557 2194 Praeterea
585 2167 689 2194 vero
723 2152 851 2193 etiam
883 2151 936 2193 de
966 2152 1085 2193 cultu
1117 2156 1160 2192 et
1191 2151 1470 2192 veneratione
1502 2150 1680 2192 deorum

325 2209 445 2265 leges
486 2208 751 2255 scribendae
783 2215 894 2250 sunt.
964 2208 1077 2250 Nam
1122 2221 1207 2261 quo
1250 2207 1418 2249 facilius
1451 2216 1681 2250 arceantur

324 2266 458 2321 impia
513 2265 709 2307 facinora
760 2273 891 2320 atque
923 2279 1073 2317 sensa,
1121 2263 1294 2319 publice
1334 2263 1678 2306 interdicendum

325 2329 414 2375 est,
457 2337 509 2364 ne
554 2322 651 2377 quis
697 2322 740 2363 in
782 2322 964 2364 aedibus
1008 2321 1187 2377 privatis
1228 2320 1388 2363 sacella
1418 2321 1681 2363 habeat-aut

325 2379 527 2435 privatim
567 2393 692 2421 sacra
721 2379 874 2430 faciat3
915 2378 952 2420 si
993 2377 1088 2432 quis
1132 2383 1273 2419 autem
1307 2385 1528 2433 arguetur,
1561 2377 1677 2434 quod

325 2435 411 2477 alia
447 2451 569 2478 sacra
613 2435 742 2477 faciat
782 2436 850 2477 vel
892 2435 1048 2476 habeat
1090 2448 1217 2488 quam
1259 2435 1458 2488 publica,
1499 2435 1560 2487 is,
1604 2434 1678 2477 ubi

326 2493 517 2535 criminis
578 2492 708 2534 fuerit
764 2492 1015 2545 convictus,
1075 2506 1151 2546 pro
1209 2491 1324 2533 illius
1381 2492 1678 2547 magnitudine

326 2549 476 2603 poenis
511 2549 685 2603 publica
717 2550 811 2607 lege
842 2547 1088 2591 constitutis
1120 2547 1379 2590 afficiendus
1411 2549 1503 2590 erit.

795 2686 1177 2704 --—-———⁴
