1781 2971
171 167 256 209 DE
288 164 563 208 LEGIBUS
597 164 716 206 LIB.
751 163 859 206 XII.
895 164 943 205 P.
979 168 1072 207 5949.
1107 165 1200 206 950.
1235 164 1297 208 St.
1361 166 1443 208 373

85 283 292 339 οὐδαμῶς
328 283 682 338 εὐνομουμέναις,
724 281 855 324 οὐδὲν
886 283 1083 339 διαφέρει
1116 282 1351 341 φύρεσθαι
1380 284 1446 325 δε-

81 357 297 408 χομένους
324 368 368 393 τε
404 349 559 401 αὐτοῖς
595 349 743 402 ξένους
780 352 851 391 καὶ
890 348 1057 399 αὐτούς
1092 355 1152 400 εἰς
1188 347 1268 399 τὰς
1304 349 1444 398 ἄλλας

84 418 441 474 ἐπικωμάζοντας
470 418 629 467 πόλεις,
660 415 773 459 ὅταν
804 415 1064 477 ἐπιθυμήσῃ
1098 434 1163 467 ’τις
1188 416 1443 470 ἀποδημίας

84 484 257 546 ὁπῃοῦν
294 489 366 528 καὶ
402 484 548 535 ὁπότε,
586 485 669 527 εἴτε
699 491 795 533 νέος
824 484 906 525 εἴτε
934 488 1005 526 καὶ
1044 483 1335 539 πρεσβύτερος
1367 481 1442 525 ὥν.

85 552 135 596 τὸ
174 552 212 595 δ’
256 547 313 594 αὗ
347 554 456 606 μήτε
491 550 657 601 ἄλλους
693 553 903 606 δέχεσθαι
938 550 1048 605 μήτε
1085 550 1252 599 αὐτους
1284 548 1443 593 ἄλλοσε

83 619 331 673 ἀποδημεῖν
368 618 464 674 ἅμα
501 622 581 674 μὲν
619 617 700 662 οὐκ
735 624 910 672 ἐγχωρεῖ
948 619 996 660 τό
1031 634 1077 671 γε
1115 617 1344 671 παράπαν,
1383 620 1444 660 ἔτι

85 689 129 730 δὲ
175 686 335 741 ἄγριον
372 690 442 730 καὶ
488 685 656 737 ἀπηνὲς
701 683 900 742 φαίνοιτ’
944 682 1002 725 ἄν
1038 692 1130 733 τοῖς
1174 683 1328 734 ἄλλοις
1364 682 1443 725 άν-

86 756 305 808 ιῖριιιποις,
340 753 532 800 ὀνόμασί
569 770 613 795 τε
646 755 856 808 χαλεποῖς
894 760 1007 793 ταῖσι
1043 755 1298 806 λεγομέναις
1323 752 1443 802 ξενη-

85 824 259 870 λασίαις
299 828 548 876 χρωμένους
587 823 658 862 καὶ
706 818 889 872 τρόποις
935 816 1164 861 αύθαὸέσι
1211 822 1281 860 καὶ
1318 821 1443 873 χαλε-

86 897 205 938 ποῖς,
253 886 310 937 ὡς
358 891 530 930 δοκοῖεν
565 885 636 931 ἄν.
679 885 765 941 χρὴ
803 888 846 928 δὲ
895 882 1059 928 οὕποῑε
1109 888 1206 939 περὶ
1255 887 1444 939 σμικροῦ

86 959 321 998 ποιεῖσθαι
356 959 404 997 τό
444 958 589 997 δοκεῖν
624 952 838 1007 ἀγαθοὺς
874 951 985 995 εἶναι
1024 961 1115 1002 τοῖς
1151 951 1304 1002 ἄλλοις
1332 951 1356 1003 ἢ
1384 952 1445 1006 μὴ

87 1024 252 1065 δοκεῖν·
300 1021 352 1064 οὐ
398 1021 482 1076 γὰρ
532 1019 641 1064 ὅσον
686 1020 837 1069 οὐσίας
893 1019 1054 1074 αρετῆς
1111 1019 1447 1076 ἀπεσφαλμένοι

87 1105 382 1144 τυγχανυυσιν
420 1093 461 1132 οἱ
488 1091 656 1135 πολλοί,
695 1090 913 1130 τοσοῦτον
950 1090 1021 1128 καὶ
1050 1089 1127 1128 τοῦ
1155 1092 1316 1139 κρίνειν
1343 1087 1446 1136 τοὺς

87 1156 270 1206 ἄλλους,
317 1155 413 1199 ὅσοι
453 1159 642 1209 πονηροὶ
692 1158 764 1197 καὶ
796 1157 1003 1210 χρηστοί,
1053 1157 1184 1196 θεῖον
1222 1156 1265 1197 δὲ
1298 1170 1335 1195 τι
1373 1172 1445 1196 και

89 1265 214 1298 ἄλλους
248 1266 283 1297 οἱ
313 1268 459 1308 :rorgoni
494 1269 552 1297 καί
581 1263 752 1306 ἄχρηστοι.
805 1264 875 1295 Sed
901 1264 1038 1304 χρηστοὶ
1066 1263 1103 1295 Ξ.
1133 1274 1163 1294 v.
1191 1262 1214 1293 f.
1241 1272 1268 1293 r.
1298 1272 1327 1293 a.
1355 1272 1384 1293 c.
1412 1268 1444 1292 et

88 1324 140 1355 pr.
168 1314 211 1346 A.
243 1311 293 1349 9.,
318 1314 400 1344 item
425 1322 534 1353 marg.
562 1310 590 1342 δ.
643 1311 712 1342 Pro
748 1309 784 1340 σι’
812 1310 960 1342 articulo
993 1314 1109 1341 autem
1135 1309 1259 1340 Bastio
1286 1313 1375 1340 teste
1402 1309 1443 1338 li-

89 1360 198 1401 quido
224 1360 390 1400 scriptum
417 1359 582 1390 exhibent
615 1354 694 1388 ὅσοι
733 1356 814 1390 Par.
847 1358 891 1388 A.
937 1362 971 1387 et
1005 1356 1084 1387 Vat.
1128 1353 1167 1387 Ω.
1205 1355 1301 1396 quod
1337 1355 1442 1386 etiam

89 1420 207 1447 tuetur
232 1415 319 1450 Cod,
347 1427 374 1447 r.
402 1415 639 1448 Schneiderus
667 1415 778 1447 dedit:
805 1407 845 1448 οἳ
872 1423 948 1443 πον.
980 1413 1033 1443 καὶ
1061 1410 1234 1452 ἄχρηστοι.

89 1517 182 1549 Plut.
209 1518 300 1551 Mor.
335 1518 414 1550 Vol.
440 1518 488 1550 11.
514 1529 546 1559 p.
574 1517 653 1552 287.
679 1518 733 1549 ed.

89 1563 187 1605 Lips.

137 1607 183 1640 τὸ
213 1605 247 1639 δ’
278 1603 327 1640 αὖ
359 1608 459 1651 μήτε
487 1607 649 1641 ἄλλους
674 1608 732 1640 δέ·

89 1655 225 1695 χεσθα
237 1667 247 1686 ι
262 1655 317 1698 -]
337 1655 464 1697 Spreta
477 1655 733 1697 Spartanorum

89 1702 291 1734 severitate.
317 1703 359 1733 de
385 1713 534 1743 quorum
563 1703 734 1734 adversus

89 1748 216 1779 itinera
233 1749 315 1779 odio
337 1753 370 1780 et
387 1750 653 1790 peregrinorum
673 1758 733 1780 ex-

90 1795 254 1835 pulsione
285 1805 312 1825 s.
346 1793 527 1837 ξενηλασίᾳ
563 1806 596 1828 v.
626 1795 736 1826 Plat.

92 1840 278 1881 Protagor.
295 1850 328 1881 p.
343 1840 421 1874 342.
441 1841 479 1872 C.
500 1841 580 1872 coll.
596 1842 633 1872 M
645 1851 693 1872 eu
704 1850 736 1871 r-

92 1886 149 1917 sii
173 1886 371 1918 Miseellan.
392 1888 523 1918 Lacon.
543 1887 592 1918 ΙΙ.
607 1887 639 1920 9.
664 1887 736 1917 Pe-

91 1933 230 1963 rizon.
253 1933 297 1963 ad
313 1934 508 1964 Ael.Varr.
522 1933 734 1965 Hisnxnl.

93 1978 149 2012 16.
184 1977 308 2009 Beck.
350 1979 395 2010 ad
427 1979 610 2020 Aristoph.
643 1978 735 2010 Avv.

93 2035 126 2054 v.
164 2023 264 2057 1314.
309 2024 463 2066 Interpp.
508 2024 668 2065 Thucyd.
706 2023 735 2054 Ι.

93 2069 172 2104 144.
196 2070 244 2102 II.
258 2070 313 2103 39.
341 2071 492 2102 Manso
521 2069 637 2112 Spart.
659 2069 738 2100 Vol.

93 2116 122 2148 Ι.
160 2116 200 2147 P.
227 2117 255 2147 I.
293 2127 326 2158 p.
361 2117 428 2151 159
463 2128 515 2158 sq.
563 2116 737 2147 Miiller.

93 2162 279 2194 Dorienss.
306 2163 352 2193 ΙΙ.
379 2173 414 2204 p.
433 2162 465 2197 8.
482 2187 489 2200 ,
517 2163 739 2204 amplectitur

93 2210 210 2251 potius
220 2209 486 2241 ·humanitatem
505 2208 740 2248 Cretensium,

94 2256 188 2296 apud
217 2266 305 2296 quos
331 2257 526 2287 constituta
551 2260 651 2287 erant
675 2255 739 2286 ho-

96 2302 201 2341 spitia
226 2301 383 2341 publica,
409 2301 536 2342 quibus
561 2301 738 2343 peregrini

96 2347 380 2387 excipiebantur,
420 2349 646 2389 ipsorumque
687 2347 739 2378 A·

96 2393 346 2426 theniensinm.
371 2403 403 2423 v.
429 2403 511 2425 mox
536 2404 569 2434 p.
596 2393 676 2427 953.
695 2393 739 2423 A.

96 2439 138 2470 B.
165 2449 238 2480 sqq.
264 2439 381 2479 Legas
417 2449 547 2480 quaeso
580 2437 741 2470 Hoeck.

98 2485 154 2517 De
190 2484 296 2516 Creta
330 2485 446 2516 insula
479 2485 560 2516 Vol.
600 2485 667 2516 111.
703 2493 738 2524 p.

97 2531 167 2565 450
188 2540 264 2571 sqq.
291 2529 370 2564 423.
398 2541 448 2572 sq.
475 2531 554 2562 coll.
583 2531 739 2562 Athen.

98 2576 252 2610 1v.143.
273 2577 408 2608 Verba:
437 2572 583 2615 ὀνόμασι
602 2596 631 2599 -
652 2585 738 2616 χρω-

99 2622 225 2662 μένους
251 2641 288 2645 -
324 2623 496 2662 χαλεποῖς,
531 2623 662 2654 referas
694 2622 739 2652 ad

99 2667 180 2710 μήτε
212 2666 336 2700 ἄλλους
369 2666 530 2708 δέχεσθαι
564 2666 645 2710 μήτε
677 2665 738 2698 αὖ·

100 2713 184 2746 τοὺς
200 2712 321 2746 ἄλλοσε
348 2710 547 2756 ἀποδημεῖν,
572 2714 641 2746 hoc
659 2722 738 2745 sen·

101 2771 158 2792 su:
195 2761 288 2792 dum
331 2766 499 2793 utamur
534 2766 572 2792 et
603 2759 735 2792 mole-

805 1515 1168 1556 stisodiosisque
1187 1514 1447 1554 nominibus,

804 1560 1090 1601 ξενηλασιών,
1149 1570 1258 1601 quae
1310 1561 1445 1600 vulgo

803 1607 1032 1644 dicuntur,
1075 1611 1114 1637 et
1155 1606 1349 1637 moribus
1386 1616 1446 1637 ar-

803 1653 1067 1693 rogantibus
1089 1662 1136 1683 ac
1157 1651 1446 1683 difficilibus.

802 1698 896 1736 Quid
932 1700 977 1730 sit
1011 1694 1175 1739 αὕθαδὴς
1206 1699 1260 1729 καὶ
1291 1695 1447 1738 χαλεπός,

802 1746 996 1777 declaravit
1034 1744 1360 1776 Casaubonus
1403 1744 1448 1775 ad

805 1791 983 1832 Theophr.
1014 1790 1218 1822 Char-aeter.
1254 1791 1339 1831 Cap.
1365 1789 1447 1820 XV.

806 1838 857 1869 in.
882 1838 940 1868 ubi
967 1837 1070 1868 etiam
1104 1837 1208 1868 huius
1234 1837 1303 1868 loci
1327 1836 1448 1867 memi-

804 1885 866 1914 nit.
903 1883 999 1914 Male
1023 1883 1110 1914 haec
1136 1883 1314 1924 expedivit
1332 1882 1446 1913 Asti-

805 1939 871 1967 us,
908 1928 1105 1968 χρωμένους
1130 1929 1173 1960 ad
1197 1929 1353 1959 dativum
1378 1930 1450 1958 τοῖς

805 1972 920 2005 ἄλλοις
940 1970 1146 2015 ἀνθρώποις·
1168 1974 1294 2005 referri
1310 1978 1421 2004 ratus.

852 2020 893 2051 B.
944 2016 994 2051 οὐ
1029 2018 1104 2061 γὰρ
1145 2016 1252 2050 ὅσον
1292 2015 1449 2050 οὐσίας

807 2063 1034 2107 ἀρετῆς-]
1057 2066 1101 2097 H.
1117 2075 1145 2097 e.
1173 2066 1221 2097 ab
1246 2066 1344 2107 ipsa
1369 2065 1450 2096 vir-

807 2113 916 2144 tutis
940 2113 1144 2153 veritate,
1171 2121 1198 2142 s.
1222 2121 1253 2143 a.
1280 2112 1451 2142 virtute

807 2160 913 2200 ipsa.
939 2158 1087 2190 Frustra
1107 2158 1143 2188 in
1162 2157 1218 2189 his
1234 2157 1349 2189 haesit
1363 2157 1450 2188 Zel-

809 2206 932 2236 lerus
959 2203 1060 2236 Stud.
1087 2203 1193 2235 Piatt.
1219 2214 1252 2244 p.
1279 2202 1336 2236 94.
1368 2203 1453 2234 Post

810 2251 972 2282 τοιοῦτον
997 2250 1053 2281 καὶ
1078 2249 1141 2280 τοῦ
1171 2251 1299 2290 κρίνειν
1322 2251 1450 2280 iterum

808 2299 872 2329 int.
913 2293 1169 2337 ἀπεσφαλμένοι
1211 2292 1451 2336 τυγχάνουσιν.

810 2343 901 2375 Tum
920 2344 1025 2383 vulgo
1045 2343 1138 2373 hunc
1154 2342 1191 2372 in
1210 2341 1350 2373 modum
1367 2342 1451 2373 scri-

809 2390 976 2421 bebatur:
1014 2385 1097 2419 τοῦς
1128 2384 1254 2418 ἄλλους
1286 2386 1323 2418 οἱ
1344 2398 1450 2428 πονη·

811 2435 866 2476 ρο)
898 2435 952 2466 καὶ
985 2431 1159 2475 ἄχρηστοι.
1221 2432 1330 2471 Quasi
1366 2443 1450 2465 vero

811 2481 848 2513 οἰ
874 2481 996 2512 πολλοί
1024 2480 1130 2510 iidem
1157 2478 1228 2510 sint
1260 2480 1363 2510 etiam
1388 2489 1450 2510 πο-

809 2527 908 2568 νηροὶ
942 2527 996 2557 καὶ
1031 2523 1204 2566 ἄχρηστοι.
1258 2525 1453 2557 verissime

808 2578 880 2604 tres
915 2573 989 2604 fere
1028 2572 1186 2610 codices,
1229 2572 1322 2606 inter
1363 2582 1450 2612 quos

809 2623 891 2651 sunt
916 2619 1020 2650 etiam
1047 2618 1116 2648 duo
1135 2618 1449 2658 praestantissimi:

809 2663 892 2697 τοὺς
917 2662 1056 2702 ἄλλους,
1095 2660 1197 2694 ὅσοι
1223 2663 1370 2704 πονηροὶ
1398 2664 1452 2694 καὶ

808 2711 955 2753 χρηστοί.
1016 2708 1096 2746 Quo
1137 2711 1302 2741 restituto
1340 2710 1453 2750 liquet

809 2757 1015 2789 sent-entiam
1033 2756 1221 2788 verborum
1236 2756 1327 2788 hanc
1346 2765 1453 2787 emer-

1477 615 1512 655 Β
