1781 2971
472 148 838 192 EPINOMIS
875 149 920 189 P.
952 149 1047 190 988.
1082 148 1146 190 St.
1382 150 1462 188 523

116 270 339 320 εἴητοῦτο
375 266 595 319 ἀγνοοῦν·
634 268 678 308 τὸ
717 265 951 321 λεγόμενον
986 266 1073 320 γάρ
1097 265 1154 308 ἂν
1191 264 1328 314 ὅντως
1350 263 1461 307 αὐτὸ

116 335 225 378 αὑτὸ
272 335 453 388 ἀγνοοῖ,
501 337 771 390 χαλεπαῖνον
817 335 875 387 τῷ
927 336 1152 389 δυναμένῳ
1196 333 1465 386 μανθάνειν,

115 403 213 444 ἀλλ’
258 403 310 446 οὐ
357 411 595 458 συγχαῖρον
637 401 744 444 ἄνευ
789 401 975 459 φθόνου
1025 399 1095 443 διὰ
1136 401 1251 442 θεὸν
1295 399 1464 454 ἀγαθῷ

115 478 348 524 γενομένῳ.
397 472 530 523 λόγον
567 472 619 521 ὂη
659 472 730 511 καὶ
768 468 908 511 πολύν
944 471 1015 510 καὶ
1055 468 1192 510 καλὸν
1228 471 1329 522 ἔχει,
1368 466 1465 510 τότε

114 544 203 591 μὲν,
241 536 312 580 ὅτε
351 541 446 591 περὶ
472 539 596 579 θεῶν
632 529 685 587 ἦν
722 535 991 589 ἀνθρώποις
1027 535 1307 589 διανοήματα
1347 536 1460 588 τιμῶ-

116 622 184 653 τα,
225 603 282 654 ὥς
319 603 356 645 τ’
397 609 598 656 ἐγένοντο
639 602 725 646 οἶοί
761 603 798 643 τ’
840 607 1064 655 ἐγίγνοντο
1104 606 1175 644 καὶ
1214 606 1311 650 οἵας
1342 618 1461 656 μετε-

112 675 354 726 χειρίζοντο
393 673 581 725 πράξεις,
617 672 676 724 μή
713 669 824 712 κατὰ
864 673 970 712 νοῦν
995 678 1087 718 τοῖς
1124 669 1318 726 σώφροσι
1352 672 1464 721 λεγε-

115 745 230 781 σιῖαι
266 742 373 793 μηδὲ
418 743 573 795 ᾳίλως,
613 738 715 792 μηδ’
759 736 816 786 ὡς
852 741 893 778 οι’
927 738 1143 790 δεύτεροι,
1181 743 1225 778 ὲν
1262 734 1327 785 οἷς
1363 753 1464 790 πρε-

207 891 246 924 C.
298 893 363 924 καὶ
391 893 485 924 οἵας
510 891 730 933 {retexero}
758 892 811 922 καὶ
839 888 857 922 ὁ
882 890 942 929 μὲν
969 892 1022 922 καὶ
1050 892 1124 922 οἵας
1149 903 1216 930 μετ.
1238 893 1281 923 A.
1306 890 1344 925 Ω.
1361 892 1463 924 Voss.

116 938 188 970 Sed
214 941 258 970 A.
286 945 319 970 et
344 939 449 971 Voss.
477 941 511 971 in
538 950 644 980 marg.
671 939 724 969 καὶ
752 933 853 977 οἶμαι.
879 938 919 969 In
949 938 1026 969 Vat.
1052 935 1089 969 Ω.
1117 939 1224 970 verba
1250 934 1269 969 ὁ
1294 938 1354 977 μέν
1378 949 1463 979 pun-

116 987 180 1016 ctis
206 990 327 1017 notata
355 993 444 1019 sunt.
471 986 694 1017 Hermannus
720 985 890 1026 probante
917 984 1060 1016 Baitero
1087 985 1128 1016 de
1153 995 1216 1016 suo
1251 985 1374 1017 edidit:
1412 985 1464 1016 καὶ

117 1028 205 1062 ὅθεν
232 1032 285 1062 καὶ
313 1032 397 1063 οἵας.

118 1147 198 1177 don.
226 1154 258 1184 p.
285 1144 340 1178 97.
360 1144 406 1175 D.
434 1142 515 1175 κατὰ
542 1144 628 1174 νοῦν
653 1144 755 1183 ἐμαυ-

118 1191 174 1232 τῷ.
223 1189 346 1232 Neque
383 1191 554 1221 redundat
589 1196 648 1221 aut
682 1193 755 1222 ine·

116 1244 213 1278 ptum
241 1243 293 1267 est
316 1237 428 1268 istud:
461 1236 544 1278 μηδὲ
572 1237 697 1276 φίλως,
722 1238 755 1268 h.

117 1294 146 1316 e.
173 1293 313 1324 neque
347 1283 411 1315 sic
441 1284 508 1314 uti
544 1284 757 1324 sapienti-

116 1330 193 1361 bus
240 1335 408 1369 gratum
451 1334 491 1360 et
533 1336 757 1370 acceptum

116 1380 253 1413 esset;
289 1380 326 1406 ut
351 1375 509 1416 profecto
536 1386 606 1407 non
640 1377 757 1408 videa-

115 1433 204 1461 mus,
231 1431 291 1453 cur
310 1421 349 1452 C.
377 1421 578 1453 Schmidt
604 1422 639 1452 in
668 1423 757 1454 Pro-

117 1478 260 1508 gramm.
283 1468 465 1499 Bielefeld.
494 1478 525 1500 a
542 1467 643 1502 1847.
663 1469 756 1509 quod

117 1515 275 1546 continet
323 1515 519 1555 Epistolam
566 1514 610 1546 ad
654 1514 757 1546 Turi-

117 1571 238 1592 censes
274 1560 434 1592 Platonis
470 1561 622 1591 editores
657 1561 756 1599 illud,

117 1607 328 1638 eiiciendum
362 1608 534 1639 statuerit.
584 1609 677 1638 Ante
703 1608 756 1638 καὶ

117 1653 195 1684 οἵας
218 1654 254 1684 in
281 1653 362 1685 Par.
390 1655 434 1684 A.
461 1658 494 1684 et
520 1653 624 1684 Voss.
652 1650 671 1683 ό
697 1653 756 1692 μὲν

116 1695 284 1730 insertum
321 1705 391 1738 est,
433 1700 487 1730 cui
522 1700 557 1730 in
598 1701 755 1740 margine

115 1746 330 1786 adscriptum
360 1746 488 1785 legitur
516 1740 617 1783 οἶμαι.
667 1746 756 1777 Inde

115 1793 387 1823 Hermannus
413 1792 550 1823 extudit
576 1792 629 1822 καὶ
657 1789 756 1829 ὅθεν,

116 1838 210 1878 quod
243 1848 314 1869 non
348 1838 577 1869 dissentiente
611 1837 754 1870 Baitero

116 1885 284 1915 continuo
327 1885 431 1915 etiam
475 1884 626 1915 orationi
671 1886 754 1916 scri-

116 1931 227 1971 ptoris
254 1931 478 1970 interposuit.
511 1930 692 1970 Veremur,
719 1936 756 1961 ut

115 1982 219 2007 recte.
269 1975 360 2007 Nam
385 1976 531 2016 primum
558 1976 697 2016 quidem
720 1978 755 2007 in

117 2023 198 2055 Vat.
229 2018 256 2052 Ω
299 2022 392 2053 istud
430 2018 448 2052 ὁ
484 2020 544 2060 μὲι·
581 2027 755 2063 tamquam

118 2078 237 2100 errore
273 2074 387 2099 ortum
426 2069 562 2108 punctis
597 2073 754 2099 notatum

117 2121 181 2154 est,
206 2114 248 2145 de
274 2124 341 2155 quo
367 2119 529 2145 accurate
546 2120 666 2146 narrat
684 2114 755 2145 Ba-

116 2162 241 2192 stius.
276 2160 413 2191 Deinde
440 2160 493 2190 καὶ
520 2157 609 2191 ὅθεν
633 2171 755 2202 parum

117 2207 283 2239 convenit
309 2217 385 2237 cum
412 2202 483 2237 οἷοί
505 2218 518 2237 τ
561 2204 697 2248 ἕγιγιοι·
703 2217 756 2243 zo,-

117 2254 211 2295 quod
236 2254 264 2284 si
291 2253 442 2306 omuino¹
459 2253 572 2284 locum
598 2253 754 2290 haberet,

118 2304 210 2330 certe
236 2306 315 2340 post
341 2296 387 2329 ὥς
414 2294 442 2329 τ’
478 2297 610 2340 ἑγὲιετο
648 2300 753 2331 intei-

118 2345 317 2399 ponendum
341 2345 475 2377 fuisset

163 2386 256 2431 μηδ’
292 2386 346 2420 ὥς
381 2401 418 2421 οι
455 2387 671 2430 δευτεροι,
711 2389 754 2421 ἐν

119 2433 187 2467 οἷς
214 2455 253 2458 -
281 2435 345 2477 -]
383 2436 480 2467 Haec
526 2437 633 2468 verba
680 2438 754 2468 sine

118 2484 225 2514 dubio
254 2483 338 2513 vitio
366 2483 537 2513 laborant.
576 2483 689 2514 Prave
715 2494 755 2514 ea

117 2532 368 2569 interpretatur
402 2529 572 2559 Astius:
607 2535 649 2559 ut
682 2531 753 2570 qui

118 2586 188 2607 eos
215 2575 338 2614 (deos)
366 2584 412 2604 ne
437 2585 510 2614 pro
546 2576 753 2606 secundis

118 2622 292 2663 quidem
319 2620 573 2651 numinibus
599 2621 753 2652 habue—

119 2669 223 2702 rint.
257 2668 292 2698 h.
329 2677 357 2697 e.
393 2676 456 2706 pro
497 2666 563 2696 diis
607 2663 753 2705 ὁρατοῖς.

118 2713 260 2744 Rectius
286 2713 313 2744 F
329 2715 340 2744 i
357 2724 373 2744 c
389 2714 398 2742 i
414 2723 434 2742 n
452 2722 474 2742 u
488 2723 503 2742 5
535 2719 569 2743 et
595 2711 752 2744 Corna-

118 2761 220 2798 rius,
247 2769 393 2800 quorum
421 2758 496 2791 ille:
525 2768 599 2789 nec
626 2764 669 2789 ut
696 2769 751 2790 se-

826 1145 951 1176 eund
971 1145 981 1175 i
1031 1143 1358 1179 iudicavisse“;
1408 1141 1465 1173 hic

828 1201 926 1222 vero:
963 1201 1100 1232 neque
1128 1191 1250 1222 velut
1276 1189 1463 1219 secundi

826 1244 1097 1270 censuerunt.
1118 1236 1282 1276 Nempe
1301 1232 1463 1265 οἰὸεύτε·

827 1294 882 1324 poc
912 1288 994 1314 sunt
1025 1284 1234 1324 posterioris
1257 1281 1383 1313 aetatis
1409 1291 1464 1312 sa—

825 1331 972 1370 pientes,
999 1331 1057 1370 qui
1083 1331 1119 1360 in
1146 1329 1257 1361 stellis
1276 1338 1316 1359 ac
1340 1327 1464 1358 sideri-

826 1376 888 1406 bus
914 1375 1045 1407 nullam
1069 1377 1139 1406 vim
1169 1376 1325 1406 divinam
1355 1383 1463 1414 agno-

825 1422 986 1460 scebant,
1023 1423 1142 1453 omnia
1166 1422 1210 1452 ad
1237 1426 1388 1452 'naturae
1414 1420 1464 1450 vi-

825 1479 881 1500 res
935 1469 1167 1505 revocabant3
1223 1468 1321 1499 cuius
1367 1466 1464 1497 modi

825 1515 984 1546 homines
1011 1514 1112 1546 Plato
1134 1514 1269 1554 Legum
1295 1512 1385 1543 libro
1405 1513 1463 1543 de-

825 1562 913 1592 cimo
939 1571 971 1601 p.
998 1559 1076 1594 888.
1102 1561 1146 1591 A.
1174 1571 1249 1601 sqq.
1282 1568 1393 1599 usque
1418 1558 1463 1590 ad

825 1618 856 1648 p.
883 1606 963 1640 892.
989 1607 1029 1639 B.
1056 1606 1211 1648 graviter
1239 1604 1464 1646 reprehendit

825 1659 858 1685 et
884 1653 1045 1693 castigat.
1098 1651 1167 1689 Qui
1202 1652 1340 1693 quidem
1371 1661 1464 1682 nunc

824 1705 993 1730 vocantur
1014 1696 1178 1738 δεύτεροι,
1205 1697 1385 1729 secundi
1412 1697 1461 1728 ab

824 1745 924 1777 illis
968 1745 1211 1783 veteribus,
1249 1754 1320 1775 non
1355 1743 1462 1774 modo

824 1796 959 1827 aetate,
1000 1792 1059 1822 sed
1092 1792 1196 1822 etiam
1230 1791 1352 1822 iudicii
1386 1799 1462 1830 per-

825 1839 1010 1877 versitate,
1050 1843 1088 1868 ut
1123 1838 1211 1868 adeo
1243 1838 1277 1867 in
1315 1837 1462 1873 maiore,

824 1894 928 1925 quam
962 1884 1032 1922 illi,
1070 1893 1189 1915 errore
1223 1883 1352 1914 versati
1386 1892 1462 1913 esse

823 1930 1046 1960 existimandi
1072 1931 1154 1960 sint.
1192 1928 1283 1959 Nam
1309 1929 1359 1959 ita
1384 1925 1460 1959 δεύ-

824 1986 924 2014 τεροι·
957 1971 1047 2005 εἶναι’
1070 1983 1175 2010 τινος,
1207 1980 1313 2014 atque
1348 1971 1460 2004 δεύτε-

825 2019 888 2061 ρόν
915 2032 987 2051 τινα
1012 2018 1117 2061 ἄγειν,
1144 2017 1322 2061 ἡγεῖσθαι,
1353 2023 1462 2050 ποιεῖν

823 2073 857 2098 et
883 2066 1025 2104 τιθέναι,
1050 2067 1212 2108 usurpari
1237 2067 1461 2097 consuevisse

823 2118 972 2145 constat.
1022 2113 1197 2144 Nimirum
1223 2113 1462 2153 corripiuntur

823 2160 879 2190 hic
915 2161 996 2191 data.
1032 2160 1217 2191 occasione
1249 2160 1353 2190 etiam
1385 2159 1460 2200 phi-

821 2205 960 2247 losophi
988 2211 1093 2246 atque
1119 2206 1267 2247 physici,
1294 2205 1351 2245 qui
1372 2205 1461 2235 indi-

823 2262 893 2292 gno
931 2252 1035 2283 modo
1072 2252 1114 2282 de
1149 2251 1347 2282 numinibus
1383 2251 1461 2282 istis

823 2299 1025 2336 mundanis,
1053 2308 1141 2338 quae
1166 2299 1317 2338 scriptor
1339 2306 1462 2328 secun-

824 2345 904 2375 dum
939 2344 1122 2375 Platonem
1156 2345 1293 2381 statuit,
1326 2343 1461 2374 iudica-

823 2391 966 2429 vissent,
993 2390 1110 2422 omnia
1127 2390 1170 2421 ad
1196 2396 1344 2421 naturae
1369 2391 1460 2421 vires

821 2436 1024 2475 referentes,
1053 2446 1141 2477 quae
1167 2436 1362 2467 accuratius
1378 2446 1460 2467 con-

820 2483 974 2513 siderata
1003 2483 1070 2513 vim
1090 2483 1244 2513 divinam
1264 2482 1460 2522 patefacere

823 2530 1017 2560 videantur.
1087 2528 1212 2569 Itaque
1253 2529 1370 2570 inepte
1404 2529 1460 2560 hic

823 2576 927 2606 alicui
962 2575 1145 2615 repetitum
1183 2575 1343 2605 videatur
1377 2574 1459 2615 μηδὲ

824 2622 876 2650 vel
893 2616 985 2661 μηδ’,
1012 2631 1080 2662 quo
1107 2621 1216 2651 eiecto
1244 2622 1363 2662 utique
1379 2632 1457 2661 pro—

822 2667 946 2698 babilis
971 2667 1164 2697 sententiae
1185 2668 1275 2698 ratio
1300 2669 1456 2708 emergit.

823 2712 911 2744 Nam
945 2715 995 2744 ita
1019 2715 1063 2744 ad
1091 2709 1137 2743 nis
1163 2711 1199 2743 οἱ
1227 2711 1379 2753 δεύτεροι
1405 2714 1456 2744 in-

822 2761 1049 2799 telligendum
1085 2769 1144 2800 per
1181 2762 1320 2800 synesin
1358 2760 1457 2791 facile
