1781 2971
205 146 286 189 DE
323 147 596 190 LEGIBUS
630 147 742 188 LIB.
781 148 860 189 IX.
899 149 942 188 P.
979 149 1070 191 κ’(ἰτὶ.
1099 149 1192 190 863.
1229 149 1291 191 St.
1385 152 1437 189 «w

86 261 326 322 διάφορον,
361 266 436 307 καὶ
474 263 522 307 τὸ
562 265 650 306 τῶν
684 268 895 308 ἑκουσίων
931 269 1001 308 καὶ
1038 266 1260 311 ἀκουσίων
1299 268 1355 318 ὠς
1392 273 1437 310 ὲν

85 328 260 380 τούτοις
297 332 664 374 διαπεποίκιλται.

183 394 294 457 Cap.
328 393 435 441 VII.
506 398 604 440 ΑΘ.
675 400 919 455 Πειρατέον
957 403 1119 450 τοίνυν,
1155 397 1213 449 ὡς
1233 397 1435 451 κελεύετε,

85 464 198 521 δρᾶν
245 466 318 506 καὶ
365 466 513 517 λέγειν,
559 466 695 516 δῆλον
744 463 853 521 γάρ,
898 463 968 507 ὅτι
1017 464 1200 509 τοσόνδε
1247 484 1293 520 γε
1338 469 1437 524 περὶ

84 530 230 589 ψυχῆς
264 533 337 574 καὶ
367 533 508 587 λέγετε
544 531 656 587 πρὸς
690 531 912 583 ἀλλήλους
947 535 1020 574 καὶ
1055 529 1263 583 ἀκούετε,
1298 533 1355 585 ὡς
1393 538 1439 578 ἓν

83 599 164 652 μὲν
199 602 245 640 ὲν
281 596 395 658 αὐτῇ
440 600 520 650 τῆς
570 598 743 657 ᾳύσεως
778 599 862 641 εἴτε
897 614 939 639 τι
974 597 1132 648 πάθος
1169 599 1252 641 εἴτε
1290 617 1331 643 τι
1365 605 1439 657 μέ-

86 681 163 721 ρος
199 662 260 707 ὢν
295 663 318 707 ὁ
359 665 532 720 θυμός,
576 665 717 721 &abgam
762 666 835 707 καὶ
873 664 1096 720 δύςμαχον
1130 667 1275 721 κτῆμα
1312 673 1440 724 ἐμπε-

84 731 245 791 φυκός,
282 730 502 786 ἀλογίστῳ
532 732 610 785 βίᾳ
646 730 788 774 πολλὰ
821 730 1073 787 ἀνατρέπει.

184 798 289 840 ΚΛ.
359 799 466 848 Πῶς
502 796 546 841 δ’
591 794 669 851 οὕς

186 864 283 908 ΑΘ.
359 865 447 908 Καὶ
481 861 573 920 μὴν
617 862 785 917 ἡδονήν
822 882 869 919 γε
905 863 957 908 οὐ
994 863 1164 907 ταυτὸν
1201 867 1261 920 τῷ
1300 870 1436 924 θυμῷ

84 930 492 989 προςαγορεύομεν,
539 931 582 983 ἐξ
625 935 830 983 ἐναντίας
868 935 913 976 δὲ
951 932 1073 986 αὐτῷ
1110 935 1259 991 φαμὲν
1289 934 1438 994 ῥώμης

84 997 442 1042 δυναστεύουσαν
474 1001 634 1043 πειθοῖ
677 998 787 1056 μετὰ
826 998 1006 1051 ἀπάτης
1039 1001 1190 1054 βιαίου
1225 1003 1438 1058 πράττειν

85 1067 198 1116 πᾶν,
234 1063 258 1108 ὅ
295 1069 336 1109 τί
370 1082 448 1122 περ
490 1063 549 1107 ἂν
585 1064 726 1119 αὐτῆς
759 1064 787 1118 ἡ
822 1066 1031 1121 βούλησις
1065 1066 1275 1129 ἐθελήσῃ.

185 1133 289 1176 ΚΛ.
360 1133 452 1176 Καὶ
486 1131 623 1188 μάλα.

177 1288 389 1330 πράττειν
419 1291 522 1328 πᾶν,
557 1287 578 1320 δ’
612 1289 654 1319 τί
685 1298 763 1331 περ
795 1287 866 1328 ἂν]
901 1293 968 1321 πᾶν
1003 1291 1210 1323 inseruimus
1243 1299 1284 1322 ex
1319 1293 1362 1322 A.
1389 1292 1437 1324 Ω.

88 1336 126 1368 Ξ.
154 1344 184 1366 v.
212 1334 242 1366 Ιι.
268 1345 298 1366 a.
327 1345 356 1366 c.
384 1334 416 1366 δ.
443 1345 472 1365 ο.
500 1345 532 1366 x.
591 1335 640 1366 De
676 1334 782 1366 Paris.
811 1337 848 1367 Α.
887 1342 922 1368 et
950 1337 1030 1371 Vat.
1063 1335 1100 1368 Ω.
1135 1336 1168 1368 id
1200 1337 1359 1369 novimus
1396 1347 1437 1370 ex

86 1379 223 1413 schedis
254 1380 380 1420 Bastii3
406 1390 483 1412 nam
513 1380 712 1420 BeMzerus,
739 1381 794 1422 qni
820 1385 887 1412 πᾶν
913 1383 1050 1423 omisit,
1085 1383 1129 1415 de
1155 1383 1235 1414 Par.
1264 1384 1307 1414 A.
1338 1385 1440 1425 piane

86 1431 196 1470 tacet3
221 1425 265 1459 de
291 1427 370 1458 Vat.
397 1430 512 1458 autem
538 1430 655 1458 narrat
679 1427 746 1459 aiia
773 1427 908 1468 omnia,
945 1429 1222 1470 qnandoquidem
1249 1431 1438 1472 marginem

87 1549 178 1569 τοισι
191 1535 479 1581 κατανομοθῆσει
493 1536 591 1580 τινός
607 1549 728 1579 quam-

85 1594 188 1624 quam
215 1593 258 1616 ne
284 1582 347 1615 hac
363 1583 502 1624 quidem
520 1584 727 1626 indigemus.

86 1630 143 1662 De
168 1630 342 1662 sententia
368 1630 444 1671 ipsa
470 1641 502 1661 v.
530 1630 574 1661 ad
605 1641 634 1670 p.
651 1630 729 1664 854.

88 1675 129 1707 D.
154 1679 190 1708 et
214 1674 325 1717 Legg.
352 1675 394 1706 V.
422 1686 454 1718 ρ.
470 1675 548 1711 735.
576 1675 617 1708 Ε.
644 1676 727 1709 XII.

86 1731 120 1763 p.
161 1720 241 1757 942.
275 1722 320 1753 A.
354 1721 434 1756 957.
471 1724 509 1754 A.
554 1721 604 1754 De
637 1723 728 1766 Rep.

87 1766 147 1800 ΙΙΙ.
181 1778 215 1810 p.
245 1766 324 1801 410.
354 1769 392 1799 A.
454 1768 621 1800 Similiter
656 1768 728 1802 Se-

88 1822 196 1845 neca
230 1812 282 1845 De
312 1813 360 1845 ira
398 1813 422 1845 1.
448 1814 504 1848 15.
557 1816 607 1846 At
638 1825 729 1847 cor-

78 1859 171 1900 Jigi
225 1862 467 1900 nequeunt,
522 1859 632 1892 nihil
686 1863 728 1893 in

88 1903 152 1936 his
191 1904 307 1946 ipsjs
346 1905 486 1937 bonae
533 1905 626 1946 spei
667 1916 728 1938 ca-

87 1959 168 1990 pax
193 1954 270 1983 est.
297 1950 531 1982 Tollantur
556 1961 575 1982 e
601 1957 730 1984 coetu

87 1996 371 2035 mortalium,
411 1995 576 2028 facturi
613 1999 729 2039 peio‘-

88 2051 134 2073 ra
181 2050 291 2082 quae
351 2043 640 2083 contingunt,
690 2049 731 2076 et

89 2096 172 2128 quo
220 2096 299 2119 uno
342 2087 474 2119 modo
524 2095 729 2129 possunt,

89 2132 300 2165 desinant
331 2133 439 2165 mali
473 2144 581 2168 esse.
644 2136 729 2168 Mox

90 2178 134 2210 de
159 2178 218 2219 iis,
249 2189 337 2220 quae
363 2178 407 2211 de
433 2179 498 2212 fine
525 2189 730 2222 poenarum,

89 2224 306 2266 maximeque
339 2235 472 2266 poenae
514 2227 658 2268 capitisy
696 2228 729 2260 in

90 2279 222 2302 morum
249 2271 490 2304 emendatione
516 2273 632 2312 posito
658 2273 728 2306 dis·

91 2320 268 2355 seruntur,
303 2317 392 2349 conf.
428 2328 459 2358 p.
497 2318 575 2352 855.
603 2318 663 2353 XI.
697 2331 728 2362 p.

91 2359 171 2395 934.
203 2359 279 2394 ΧΗ.
313 2372 345 2403 p.
371 2362 450 2397 944.
484 2364 523 2396 D.
556 2364 666 2407 Gorg.
693 2376 727 2408 p.

91 2406 172 2443 525.
201 2406 242 2438 B.
270 2406 309 2438 C.
335 2408 380 2440 D.

139 2452 178 2484 P.
211 2452 292 2486 863.
356 2454 468 2496 μάλα
521 2457 729 2499 μετρίως]

95 2497 139 2530 H.
173 2508 203 2530 e.
240 2498 359 2534 καλῶς.
390 2508 423 2531 v.
461 2500 504 2532 ad
537 2502 670 2536 Criton.
697 2514 728 2544 p.

91 2542 147 2578 46.
173 2543 212 2575 C.
237 2543 367 2576 Phaed.
397 2555 429 2586 p.
454 2546 510 2580 96.
536 2547 575 2579 D.

139 2589 214 2620 καὶ
241 2588 289 2621 τὸ
326 2592 408 2622 τῶν
433 2590 483 2622 ἔκ.
512 2611 555 2616 -
586 2593 728 2626 διαπε-

93 2634 344 2676 ποίκιλται]
385 2641 428 2667 et
457 2628 726 2678 ,q'homodo

61 2681 445 2716 ¹voluntariorum
496 2688 536 2715 et
584 2685 725 2718 incon·

95 2727 312 2760 annornm
348 2728 587 2762 facinorum
615 2735 724 2764 ratio

142 2781 227 2816 Plat.
255 2783 317 2824 Op.
349 2785 425 2817 Vol.
455 2786 498 2819 X.
527 2787 618 2822 Soet.
650 2789 713 2820 111.

800 1540 835 1571 in
862 1539 974 1581 istis,
1006 1540 1038 1572 h.
1061 1551 1090 1573 e.
1119 1540 1150 1572 in
1176 1540 1362 1574 iniustitiae
1386 1546 1439 1574 at-

798 1595 864 1626 que
916 1586 1030 1618 damni
1087 1587 1301 1627 rationibus,
1351 1593 1439 1621 tan—

798 1641 923 1672 quam
951 1633 1008 1672 (nt
1033 1632 1098 1664 hoc
1123 1637 1274 1675 utamur)
1306 1635 1439 1666 varie-

797 1682 900 1718 gata
925 1678 998 1717 sit,
1026 1677 1056 1712 h.
1073 1688 1102 1711 e.
1130 1680 1224 1712 varie
1251 1680 1358 1712 mixta
1385 1687 1438 1713 at·

796 1734 862 1766 que
887 1728 1092 1766 temperata.

844 1792 929 1835 Cap.
958 1793 1037 1825 VII.
1083 1794 1122 1826 Β.
1163 1792 1213 1831 ὠς
1238 1793 1276 1825 ἓν
1301 1796 1374 1836 μὲν
1399 1795 1440 1826 ἐν

797 1837 932 1884 αὐτῇ]
970 1840 1117 1882 Repetit
1142 1841 1196 1872 rei
1222 1841 1394 1873 rationem
1422 1851 1442 1872 a

798 1885 908 1917 tribus
949 1886 1050 1917 animi
1092 1885 1229 1918 humani
1271 1887 1442 1928 fustibus⁹

798 1934 843 1974 τῷ
875 1933 1030 1975 θυμικῷ,
1069 1935 1114 1975 τῷ
1140 1933 1381 1975 ἐπιθυμητικῷ
1407 1937 1443 1964 et

799 1979 845 2018 τῷ
872 1977 1072 2020 λογιστικῷ,
1110 1977 1154 2009 de
1185 1979 1311 2018 qnibus
1338 1988 1369 2009 v.
1397 1977 1440 2009 ad

799 2022 927 2064 Remp.
965 2022 1027 2055 lv.
1074 2033 1107 2064 p.
1146 2023 1227 2057 439.
1264 2024 1309 2055 D.
1374 2024 1441 2056 His

800 2069 889 2100 enim
934 2070 1179 2102 convenienter
1221 2070 1362 2101 crimina
1408 2070 1442 2101 in

799 2114 863 2146 tria
906 2125 1033 2155 genera
1076 2115 1210 2148 dividit.
1269 2116 1325 2147 De
1363 2126 1439 2147 voc.

799 2158 916 2203 δυ’ςερι
948 2162 1090 2194 Μὸῐίε
1125 2173 1157 2203 ρ.
1192 2160 1278 2194 106:
1318 2160 1439 2201 ὃυςή-

799 2217 948 2249 ριστος
989 2207 1044 2238 καὶ
1084 2207 1242 2249 δυήρις
1274 2207 1440 2243 Ἀττικῶς

797 2251 855 2282 καὶ
890 2251 1042 2285 Πλοῖ-ιων
1081 2252 1227 2295 Νόμων.
1269 2251 1440 2295 δυ’ςερις

793 2297 1002 2338 Ἑλληνικῶς.
1035 2299 1148 2331 Codd.
1176 2303 1290 2330 tamen
1317 2308 1441 2330 omnes

798 2347 834 2376 et
860 2344 913 2376 hic
939 2350 973 2376 et
998 2345 1086 2376 infra
1115 2356 1145 2386 p.
1167 2343 1246 2378 864.
1277 2347 1315 2376 A.
1343 2343 1438 2381 δύςε-

798 2401 850 2431 ρις
891 2394 1042 2422 tuentur.
1110 2392 1280 2422 Similiter
1329 2390 1440 2422 variat

798 2436 900 2468 lectio
920 2437 1080 2468 libroruin
1106 2436 1277 2469 Pindar.
1297 2437 1438 2480 Olymp.

802 2481 857 2514 vl.
890 2481 947 2516 31.
979 2494 1023 2513 z
1057 2483 1113 2516 19.
1153 2482 1207 2516 ed.
1251 2483 1436 2515 Boeckh.

801 2528 892 2559 conf.
938 2529 1128 2562 Lobeck.
1169 2528 1214 2561 ad
1255 2528 1438 2571 Phrynich.

844 2641 883 2675 ἒΞ
909 2642 1110 2676 ἐναντίας
1136 2642 1173 2675 δὲ
1199 2642 1314 2687 αὐτῷ
1341 2656 1373 2686 φ.
1393 2643 1438 2684 gu]

799 2687 870 2718 sed
899 2697 945 2719 ex
975 2689 1202 2722 contraria
1237 2697 1363 2733 atque
1390 2692 1437 2722 ii-

799 2735 880 2766 Ιιιιιι
922 2735 959 2766 vi
1005 2734 1299 2769 dominantem
1345 2748 1435 2778 per-

1137 2793 1160 2830 —1
