1781 2971
274 138 355 180 DE
389 137 665 181 LEGIBUS
699 138 818 180 [AB.
853 138 910 179 X.
949 139 991 179 P.
1027 139 1122 180 899.
1155 137 1218 181 St.
1346 138 1424 181 193

68 254 270 312 θριόπων
314 260 386 299 καὶ
435 255 600 299 ἀδίκων
637 255 766 311 τύχαι
811 258 904 312 ἰδίᾳ
939 258 1012 298 καὶ
1054 259 1265 312 δημοσίᾳ,
1312 254 1421 307 άλη-

66 326 175 379 θείᾳ
219 324 301 379 μὲν
333 322 415 366 οὐκ
460 322 734 378 εὐδαίμονες,
782 322 931 375 δόξαις
971 325 1017 366 δὲ
1065 322 1424 379 εὐδαιμονιζόμε-

63 406 138 433 ναι
173 389 363 448 σφόδρα,
398 389 498 433 ἀλλ’
544 383 625 434 οὐκ
663 392 867 446 ἐμμελῶς,
901 388 1059 443 ἄγουσί
1094 405 1139 434 σε
1175 389 1287 447 πρὸς
1322 389 1423 433 ἀσέ-

61 459 209 511 βειαν,
261 461 307 500 ἓν
344 474 389 500 τε
428 457 641 508 ΒΙούσαις
685 457 766 500 οὐκ
811 456 970 513 ὀρθῶς
1016 454 1291 512 ὑμνούμεναι
1326 455 1421 512 ἅμα

62 527 134 567 καὶ
188 529 234 567 ἐν
286 526 516 574 παντοίοις
566 522 738 579 λόγοις·
797 523 822 576 ἢ
872 526 944 567 καὶ
994 522 1105 579 πρὸς
1151 527 1272 575 τέλος
1323 524 1423 575 ἰ’σως

63 690 138 712 eam
164 680 313 712 formam
338 680 441 712 etiam
469 679 571 710 codd.
590 677 822 717 Theodoreti,
846 678 938 720 apud
968 688 1069 719 quem
1100 675 1177 720 ἧγεῖ
1197 675 1283 711 εἶναι
1309 677 1422 710 θεοι-’.ς

63 726 203 767 legitur.
253 725 326 757 Sed
358 726 533 757 infinitivo
570 725 674 755 facile
709 725 938 764 careaS,11bi
974 726 1174 757 memineris
1205 736 1284 757 ann.
1317 726 1361 756 ad
1387 736 1419 766 p.

61 771 140 806 899.
164 771 204 803 C.
253 771 346 802 Dein
373 772 456 802 ἴσως
481 781 519 801 σε
543 780 612 800 om.
639 769 855 801 Theodoret.
890 770 975 802 ἴσως
1000 782 1055 813 γε
1058 771 1188 803 Euseb.
1238 771 1326 802 Mox
1356 770 1421 801 ι’δίσ,

64 827 104 848 τε
130 817 184 848 καὶ
209 814 284 857 δημ.
313 816 449 848 Theod.

152 863 193 894 E.
244 859 392 901 δόξαις
424 859 467 892 δὲ
497 856 932 905 ευδαιμονιζόμειαι]
963 861 1031 894 Pro
1067 862 1159 903 vulg.
1195 858 1294 900 δόξαι
1328 867 1422 893 recte

63 904 238 948 δόξαις*
207 919 246 941 a.
276 905 315 939 Ω.
343 919 374 939 v.
401 908 424 939 f.
450 917 478 938 r.
505 917 536 939 a.
564 917 592 938 c.
618 905 648 938 δ.
676 917 706 938 ο.
733 916 768 941 x.
795 912 830 938 et
854 908 984 939 Euseb.
1023 908 1116 940 Dein
1127 887 1422 949 ξ’ἲειδαιιιονιζομέ·

64 961 138 985 ναις
164 951 270 988 Α.-Ω.
292 953 328 987 Ξ.
351 965 381 986 v.
403 953 426 984 f.
447 963 478 985 a.
499 964 526 985 c.
547 951 576 985 δ.
594 963 624 984 o.
643 963 677 985 x,
705 953 767 985 sed
794 954 886 995 vulg.
911 954 947 985 in
974 963 1082 995 marg.
1114 952 1150 986 Ω.
1171 965 1204 986 a.
1231 952 1261 985 δ.
1288 959 1421 987 notata.

63 1076 218 1114 Eusebio
244 1081 278 1108 et
305 1077 407 1108 codd.
433 1075 594 1108 Platonis
613 1085 707 1107 com-

64 1123 223 1164 pluribus
272 1128 436 1164 suscepto
485 1133 525 1154 ac
565 1127 707 1154 servato

64 1164 150 1211 ὁρᾷς
186 1173 267 1200 ante
310 1167 347 1200 ἐκ
400 1168 565 1209 σμικρῶν,
613 1168 708 1210 quod

63 1214 289 1246 Bekkerus
316 1215 454 1246 iniuria·
475 1215 614 1245 videtur
639 1215 709 1245 eie-

63 1261 173 1300 cisse,
211 1261 340 1302 quippe
377 1262 420 1292 de
453 1261 555 1294 codd.
593 1263 639 1291 A.
677 1264 712 1291 et

71 1304 123 1346 32„
156 1307 186 1338 si
218 1317 287 1347 qua
330 1307 488 1338 Bastio
520 1311 555 1339 et
587 1305 712 1338 Gais-

63 1352 214 1384 fordio
238 1353 325 1384 fides
352 1358 416 1393 est,
446 1352 535 1385 falsa
551 1362 711 1392 narrans,

63 1398 119 1430 his
144 1399 252 1439 igitur
277 1400 327 1430 ita
353 1399 494 1439 scriptis
520 1403 596 1430 tota
619 1400 711 1439 peri-

64 1445 153 1476 odus
179 1444 399 1485 probabilem
418 1450 510 1476 certe
530 1445 637 1476 habet
652 1455 712 1476 ex—

64 1490 312 1531 plicationem,
367 1491 526 1532 alioquin
581 1491 712 1522 nullam

65 1537 169 1568 facile
194 1537 370 1568 habitura.
420 1538 560 1568 Etenim
586 1537 711 1568 verba:

68 1579 150 1613 ὅταν
175 1601 216 1605 -
244 1579 330 1626 ὁρᾷς
350 1580 499 1614 πολλοὺς
523 1579 638 1614 αὑτῶν
659 1580 714 1613 διὰ

66 1627 171 1660 πολλὰ
205 1629 260 1659 καὶ
307 1626 400 1660 δεινὰ
444 1627 642 1670 ἀσεβήματα
677 1627 714 1659 ἐκ

67 1674 234 1716 σμικρῶν,
275 1673 326 1706 εἰς
358 1674 562 1716 τυραννίδας
599 1685 631 1706 τε
663 1674 718 1706 καὶ

69 1718 108 1752 τὰ
139 1720 276 1762 μέγιστα
311 1717 565 1761 ἀφικομένους,
605 1721 717 1752 conti-

67 1771 152 1798 nent
164 1767 411 1808 repetitionem
427 1769 601 1808 quandam
613 1777 715 1809 prae-

66 1814 221 1845 cedentis
258 1813 372 1845 illius:
420 1810 514 1855 ὁρῶν
550 1810 718 1845 ἀνοσίους

71 1855 289 1900 ἀνθρώπους
338 1857 508 1891 ἐλθόντας
559 1871 589 1891 κ.
626 1871 652 1891 τ.
690 1859 716 1890 λ,

67 1915 147 1937 cum
171 1906 381 1940 'necessaria
415 1907 611 1938 sententiae
643 1915 717 1937 am-

67 1951 285 1992 plificatione
321 1952 466 1986 factam.
525 1952 591 1983 His
627 1952 714 1993 ipsis

67 2001 184 2030 autem
211 1996 358 2037 deinde,
393 1997 493 2038 quasi
529 2007 570 2029 ea.
594 2001 715 2038 prota-

68 2045 123 2076 sin
149 2043 318 2082 efficiant,
347 2044 517 2084 apodosis
535 2044 615 2076 loco
633 2043 715 2075 sub-

37 2089 239 2121 .iieiuntur
275 2091 459 2129 proximaz
507 2087 546 2120 τό
593 2100 626 2120 τε
661 2086 718 2120 διὰ

70 2134 179 2167 πάντα
205 2132 244 2167 τὰ
270 2135 410 2166 τοιαῦτα
436 2146 466 2167 κ.
494 2147 520 2166 τ.
546 2135 573 2166 λ.
621 2134 717 2172 Quo-

70 2183 167 2214 circa
189 2185 299 2223 patet‚
325 2183 463 2222 opinor,
488 2182 558 2213 ista
577 2182 714 2212 omnia:

77 2225 160 2259 ὅταν
193 2227 230 2258 ἐν
260 2225 366 2258 ἅπασι
391 2246 434 2250 -
460 2224 592 2267 ἀμελεῖν
632 2238 717 2267 πρα-

14 2300 15 2304 ,
71 2271 221 2315 γμιίτων,
239 2273 438 2305 uberiorem
458 2275 640 2305 continere
657 2284 718 2305 an-

73 2319 266 2351 tecedentis
293 2321 488 2352 sententiae
510 2321 718 2361 explicatio-

71 2375 171 2405 nem,
220 2365 371 2407 ideoque
415 2368 518 2398 etiam
561 2367 720 2407 potuisse

73 2412 214 2449 annecti
250 2412 491 2452 superioribus
527 2414 594 2444 sio:
637 2408 721 2443 ὅταν

74 2455 153 2499 γὰρ
174 2455 222 2502 [ἐν
252 2454 358 2488 ἅπασι
398 2456 531 2493 τούτοις
574 2469 602 2488 κ,
633 2470 660 2489 τ.
692 2458 718 2489 λ.

75 2502 148 2535 Sed
183 2504 451 2535 coniunctiones
482 2505 519 2535 in
545 2505 718 2536 eiusmodi

76 2550 260 2581 sententiis
294 2548 514 2591 explicativis
547 2551 589 2582 de
624 2561 721 2582 more

77 2595 203 2636 omitti,
230 2606 336 2635 quum
358 2597 501 2627 omnino
516 2596 621 2627 hodie
637 2606 720 2628 con-

78 2645 172 2673 stare
197 2642 430 2679 arbitramur,
461 2646 531 2672 tum
557 2643 623 2683 ipsi
648 2653 721 2674 non

79 2696 149 2719 uno
206 2687 331 2719 horum
381 2686 720 2720 Commentariorum

80 2733 157 2764 loco
179 2734 409 2765 ostendimus.
437 2732 610 2770 Quocirca
630 2745 721 2766 nunc

140 2799 232 2833 Plat.
263 2800 351 2842 Opp,
382 2799 508 2835 v01,x
550 2800 640 2834 Scot.
662 2801 716 2833 lli.

777 1085 1037 1119 emendavimus
1069 1087 1178 1118 totius
1211 1086 1279 1117 loci
1313 1086 1422 1116 inter-

777 1133 1016 1186 punctionem,
1037 1132 1320 1174 quandoquidem
1342 1136 1426 1172 post

779 1176 930 1232 ταράττει
956 1176 994 1209 τὰ
1019 1178 1188 1215 ²t1‚ubi
1217 1178 1324 1218 vulgo
1351 1187 1424 1209 om-

777 1226 832 1257 nis
858 1225 957 1256 deest
989 1225 1190 1264 distinctio,
1223 1225 1327 1255 colon
1362 1234 1424 1265 po-

779 1272 924 1311 suimus,
941 1277 1113 1303 commate
1126 1275 1209 1312 post
1230 1269 1306 1301 τότε
1319 1267 1425 1301 ἅπασι
1461 1267 1465 1271 ⁴

781 1315 918 1349 τούτοις
964 1318 1122 1357 sublato,
1169 1321 1203 1348 et
1237 1321 1318 1348 ante
1369 1313 1424 1346 διὰ

781 1361 889 1394 πάντα
914 1364 949 1394 in
976 1364 1090 1395 locum
1117 1364 1294 1404 gravioris
1317 1363 1425 1394 inter-

779 1410 980 1451 punctionis
1006 1409 1208 1441 suffecimus
1243 1409 1424 1441 leniorem.

781 1456 850 1487 Sed
885 1457 1089 1497 priusquam
1127 1456 1329 1487 universam
1366 1464 1426 1496 pe-

780 1502 920 1534 riodum
947 1503 1180 1542 explicemus,
1206 1501 1343 1533 iuvabit
1368 1511 1426 1533 oc-

782 1549 934 1580 currisse
967 1548 1246 1579 dubitationibus
1283 1548 1425 1588 quibus-

782 1596 874 1635 dam,
901 1604 990 1635 quae
1004 1596 1169 1626 videntur
1195 1593 1366 1633 effecisse,
1389 1597 1428 1624 ut

782 1641 895 1672 critici
921 1651 1043 1672 omnes
1067 1640 1104 1670 in
1136 1640 1191 1670 his
1232 1640 1427 1671 tractandis

784 1698 805 1719 a
829 1691 925 1719 recto
952 1687 1091 1717 tramite
1117 1687 1335 1718 aberrarent.
1380 1685 1428 1717 Et

784 1734 840 1764 hic
866 1733 1010 1774 quidem
1035 1733 1185 1774 primum
1219 1732 1261 1763 de
1291 1732 1362 1764 fide
1394 1735 1429 1762 et

782 1779 994 1812 auctoritate
1019 1779 1166 1810 voculae
1193 1775 1277 1809 ὅταν
1310 1779 1428 1809 dicen-

783 1827 864 1857 dum
903 1829 968 1856 est.
1038 1824 1094 1856 De
1131 1835 1200 1866 qua
1232 1825 1428 1866 quominus

782 1872 1001 1911 dubitemus,
1035 1871 1224 1912 prohibere
1258 1880 1342 1902 sane
1373 1870 1429 1902 vel

781 1918 869 1949 illud
893 1919 1019 1958 possit,
1049 1917 1145 1958 quod
1166 1927 1241 1948 eam
1268 1927 1338 1948 non
1354 1926 1429 1948 mo-

783 1965 828 1995 do
864 1964 944 1994 libri
970 1963 1132 1994 Platonis
1164 1963 1325 1994 nonnulli
1357 1972 1429 1994 me-

782 2011 913 2047 liores,
948 2009 1008 2040 sed
1040 2010 1145 2040 etiam
1171 2019 1297 2042 omnes,
1318 2009 1428 2039 Euse-

783 2057 829 2087 bii
880 2055 1004 2094 codd.,
1081 2059 1232 2096 uotquot
1274 2056 1430 2086 excussit

783 2101 1039 2134 Gaisfordii
1057 2066 1265 2141 (inligentia,
1291 2101 1428 2142 liquido

781 2149 921 2179 firmant
947 2157 987 2179 ac
1011 2151 1166 2179 tuentur.
1213 2144 1337 2179 Nihilo
1366 2149 1429 2179 mi-

785 2199 977 2226 nustamen
993 2190 1244 2234 Stephanus
1265 2194 1430 2225 etAsti-

786 2251 832 2272 us
865 2251 941 2272 eam
971 2244 1144 2271 vocarunt
1178 2240 1213 2270 in
1240 2240 1430 2271 dubitatio·

786 2297 877 2327 nem,
903 2290 1089 2328 propterea
1113 2286 1208 2327 quod
1226 2295 1295 2316 vox
1311 2287 1429 2317 alieno

787 2333 866 2364 loco
899 2333 1016 2373 posita
1049 2333 1110 2363 sit:
1141 2332 1306 2363 debuisse
1338 2333 1430 2363 enim

789 2390 864 2411 eam
896 2382 976 2420 post
1007 2376 1044 2408 ἐν
1077 2375 1182 2418 ἅπασι
1212 2375 1348 2409 τούτοις
1377 2379 1430 2409 in-

789 2425 942 2466 terponi,
959 2424 1087 2464 quippe
1104 2433 1193 2464 quae
1207 2423 1312 2454 verba
1331 2425 1429 2456 nullo

790 2472 895 2502 modo
927 2471 1106 2510 segregari
1133 2480 1172 2501 ac
1201 2470 1319 2500 divelli
1345 2481 1430 2511 que-

789 2522 851 2549 ant
883 2517 926 2548 ab
962 2516 1179 2556 antegressis
1211 2513 1360 2556 ταράττει
1393 2514 1430 2548 τὰ

790 2564 864 2594 νῦν
914 2561 1150 2599 Quamobrem
1176 2561 1427 2617 Stephanus

788 2609 974 2664 legendum
1002 2609 1165 2640 coniecit.
1203 2605 1355 2648 ταράττει
1391 2607 1429 2641 τὰ
1451 2610 1459 2618 ”

790 2657 854 2687 νῦν
894 2666 920 2686 ω
984 2655 1057 2686 ἴᾶ1’
1093 2652 1129 2686 ἐν
1163 2651 1268 2685 ἅπασι
1296 2664 1430 2687 ἴΟυτΟίς

791 2723 860 2748 και
890 2709 975 2743 (δίψη
1006 2723 1035 2742 κ.
1064 2722 1089 2742 τ.
1117 2710 1145 2742 λ.
1191 2712 1343 2744 Astius
1370 2722 1430 2743 au-

1116 2792 1162 2829 13
