1781 2971
443 132 664 177 VULGO
698 134 977 176 PLATOM
1017 142 1095 176 etc.
1357 140 1437 180 447

95 246 407 289 aestimandum
431 246 793 302 iudicandumque
814 247 1030 289 scribendi
1055 249 1298 301 consilium,
1320 249 1437 303 quod

95 304 221 345 homo
265 312 476 358 sequutus
509 311 586 346 est.
647 304 859 345 Videmur
890 313 1031 346 autem
1071 306 1244 347 minime
1275 307 1436 348 iniuste

95 362 250 414 facere,
284 361 319 402 si
350 361 456 402 illud
487 377 572 402 non
603 361 732 402 modo
766 377 918 402 vanum
948 369 991 402 et
1021 362 1160 415 inane,
1198 363 1274 404 sed
1307 365 1436 405 etiam

94 417 299 459 stolidum
333 433 382 459 ac
412 433 661 473 perversum
693 419 858 460 censeri
891 428 1091 473 oportere
1124 420 1434 474 existimamus,

94 474 444 529 quandoquidem
484 476 629 531 Leges
670 475 866 517 Platonis
919 476 995 516 tali
1044 477 1344 531 supplemento
1388 486 1437 520 ut

92 531 368 586 explerentur
397 531 733 587 haudquaquam
766 548 874 587 opus
904 533 999 573 fuit.
1060 533 1231 574 Etenim
1253 534 1435 589 primum

93 587 266 643 quidem
297 589 486 644 scriptor
515 589 787 645 Epinomidis
829 597 902 630 aut
941 589 1112 631 sinistre
1154 591 1321 646 accepit
1360 600 1436 632 aut

93 646 203 686 mala
246 645 431 700 quadam
481 647 694 688 calumnia
735 646 789 687 ad
829 660 1026 688 caussam
1067 662 1187 688 suam
1226 649 1436 703 pertraxit

93 702 201 744 duos
232 703 329 744 illos
361 703 480 744 locos
512 704 697 759 Legum,
728 702 842 744 unde
875 718 968 744 eum
1000 703 1214 745 scribendi
1238 719 1435 746 caussam

92 766 135 801 et
164 761 533 815 opportunitatem
563 760 788 815 repetiisse
810 766 939 800 antea
962 760 1262 813 iudicavimus,
1297 776 1434 815 quan-

91 816 325 870 doquidem
356 823 508 857 neuter
546 831 723 858 mancus
762 824 837 857 aut
877 817 1155 872 imperfectus
1198 817 1433 872 videbitur,

91 872 322 915 dummodo
355 873 497 914 omnia
527 882 642 914 recte
671 873 891 915 intellecta
930 874 1102 916 fuerint.
1172 875 1283 916 Nam
1324 875 1432 917 libro

92 930 264 985 quidem
295 931 477 986 septimo
509 947 549 986 p.
582 932 676 972 818.
710 931 761 971 Ε.
794 930 966 972 videtur
1005 946 1122 973 sane·
1146 931 1432 988 philosophus

91 988 228 1042 primo
284 987 497 1042 adspectu
557 988 806 1043 ampliorem
856 988 1044 1042 aliquam
1093 988 1432 1043 disputationem

89 1045 362 1101 promittere,
396 1059 481 1099 qua
512 1043 566 1085 de
598 1043 815 1086 discendis
848 1044 1088 1100 disciplinis
1118 1045 1432 1088 mathematicis

89 1101 258 1158 plenius
309 1108 352 1142 et
400 1101 642 1143 accuratius
691 1100 903 1157 agendum
942 1103 1019 1155 sit,
1061 1102 1107 1143 id
1147 1103 1265 1156 quod
1305 1104 1432 1144 etiam

91 1161 169 1199 Au
183 1174 223 1214 g.
254 1158 540 1199 Boeckhio
571 1158 614 1198 in
644 1158 752 1198 Min.
783 1174 824 1212 p.
859 1161 924 1200 74.
954 1159 1016 1200 ita
1046 1160 1187 1200 visum
1219 1166 1296 1201 est.
1372 1162 1434 1201 At

91 1216 201 1256 enim
231 1230 333 1256 vero
364 1221 457 1256 toto
489 1215 562 1256 illo
592 1215 689 1255 loco
721 1215 971 1271 diligentius
993 1216 1135 1271 paullo
1156 1216 1431 1258 considerato

89 1287 178 1313 rem
208 1272 337 1330 longe
369 1272 492 1313 aliter
522 1286 567 1313 se
596 1271 754 1313 habere
785 1272 903 1313 nullo
933 1275 1109 1328 negotio
1151 1274 1431 1330 intelligetur.

91 1329 278 1370 Tantum
327 1329 451 1370 abest
497 1329 607 1369 enim
661 1336 709 1369 ut
747 1327 1032 1385 philosophus
1074 1330 1132 1371 ibi
1170 1332 1430 1386 promiserit,

91 1385 207 1440 quod
239 1401 324 1427 non
354 1387 446 1441 ipse
469 1400 617 1427 revera
634 1386 911 1440 praestiterit,
944 1394 990 1428 ut
1013 1387 1095 1427 alia
1115 1388 1257 1432 omnia
1276 1388 1432 1430 fecisse

92 1443 328 1484 existimari
359 1443 528 1484 debeat.
588 1441 763 1497 Quippe
786 1442 980 1496 loquitur
999 1444 1086 1485 illic
1113 1443 1272 1499 hospes
1292 1444 1432 1486 Athe-

92 1500 252 1541 niensis
295 1500 347 1541 ab
386 1499 510 1540 initio
554 1498 724 1552 quidem
764 1500 910 1554 paullo
954 1500 1219 1542 dubitantius
1269 1501 1321 1542 de
1367 1501 1430 1542 di-

89 1557 282 1612 sciplinis
312 1556 652 1609 mathematiciS,
695 1556 1044 1611 quandoquidem
1073 1557 1173 1598 inde
1206 1573 1229 1598 a
1259 1573 1300 1612 p.
1333 1559 1429 1600 818.

90 1615 144 1655 Α.
176 1614 281 1655 haec
311 1614 399 1654 fere
431 1613 645 1668 disputat:
677 1613 899 1666 „Restant
938 1614 1077 1656 adhuc
1118 1622 1206 1656 tres
1238 1614 1428 1671 discipli-

88 1686 184 1724 nae,
214 1671 368 1725 inquit,
400 1685 508 1723 quae
541 1670 593 1712 ab
635 1670 834 1726 ingenuis
877 1670 1122 1713 hominibus
1162 1686 1429 1727 cognoscen-

89 1728 168 1769 dae
208 1728 310 1781 sint,
344 1727 636 1780 arithmetica,
669 1729 926 1783 geometria,
960 1728 1235 1770 astronomia.
1306 1728 1429 1782 Quae

89 1784 261 1839 quidem
291 1785 460 1826 etiamsi
490 1799 670 1840 magnae
701 1784 966 1826 multitudini
997 1801 1083 1827 non
1121 1785 1291 1841 possint
1328 1787 1429 1828 sub-

90 1842 228 1883 tiliore
257 1843 423 1883 ratione
454 1841 679 1896 impertiri,
713 1849 854 1882 tamen
876 1858 971 1884 cum
995 1843 1146 1898 paucis
1168 1843 1427 1897 quibusdam

88 1899 291 1940 subtilius
344 1898 724 1939 communicandae
766 1905 886 1944 sunt3
934 1900 976 1940 in
1027 1915 1206 1954 quorum
1248 1915 1426 1941 numero

89 1956 259 2010 quinam
289 1954 477 1996 habendi
508 1955 607 2006 sint,
641 1955 714 1995 ubi
746 1954 799 1995 ad
831 1954 958 1996 finem
995 1955 1300 2011 disputationis
1329 1972 1428 2012 per-

88 2013 346 2064 venerimus,
380 2012 570 2067 apertius
603 2010 911 2061 declarabitur3
953 2013 1103 2068 populi
1140 2019 1279 2053 autem
1319 2013 1428 2054 mul·

88 2069 264 2110 titudini
295 2068 525 2121 sufficient,
556 2083 664 2122 quae
697 2068 751 2109 ad
781 2068 895 2110 vitae
929 2084 1053 2110 usum
1093 2071 1178 2111 sint
1220 2069 1426 2111 conduci-

89 2126 238 2168 biliaf‘
299 2125 469 2178 Quibus
494 2141 593 2166 mox
612 2141 653 2180 p.
677 2127 770 2168 818.
808 2125 857 2166 Ε.
879 2127 1166 2168 subiiciuntur
1186 2126 1276 2167 fere
1299 2126 1426 2168 haec:

88 2182 211 2236 „Sed
232 2183 530 2225 difficillimum
563 2197 665 2224 sane
696 2190 775 2235 est,
806 2183 962 2237 inquit,
995 2183 1047 2225 de
1071 2184 1137 2225 his
1158 2183 1285 2224 rebus
1314 2198 1428 2224 nunc

89 2239 250 2294 aliquid
281 2240 439 2281 certius
474 2240 736 2281 constituere
770 2246 813 2281 et
843 2240 1028 2296 publicis
1048 2240 1216 2296 legibus
1242 2240 1425 2293 sancire,

89 2302 136 2337 ut
175 2296 308 2337 satius
355 2296 554 2337 videatur
592 2303 726 2337 totam
766 2296 876 2339 hanc
915 2312 1003 2338 rem
1039 2297 1083 2338 in
1122 2297 1339 2351 praesenti
1379 2297 1426 2338 in

87 2351 230 2394 medio
262 2352 503 2407 relinquere
536 2360 578 2394 et
606 2354 650 2394 in
694 2353 810 2394 aliud
849 2361 1020 2409 tempus
1059 2354 1425 2409 procrastinare.“

89 2408 175 2452 Sed
206 2409 311 2450 haec
342 2424 472 2463 quum
503 2409 627 2451 facile
672 2410 855 2463 aliquem
887 2412 929 2451 in
962 2426 1052 2452 eam
1095 2409 1305 2451 inducant
1333 2410 1425 2466 opi-

89 2466 284 2518 nionem,
326 2474 374 2507 ut
410 2472 547 2507 totum
590 2466 672 2508 hoo
714 2466 1020 2523 disputationis
1052 2473 1351 2523 argumentum
1400 2482 1425 2508 a

87 2522 266 2564 Platone
298 2537 446 2564 revera
476 2523 821 2578 praetermissum
843 2531 885 2566 et
913 2525 959 2565 in
979 2524 1094 2565 aliud
1125 2530 1294 2580 tempus
1316 2523 1424 2566 dila-

87 2586 177 2621 tum
209 2594 302 2621 esse
346 2579 585 2632 existimet,
625 2592 766 2621 tamen
796 2596 862 2624 res
904 2581 1076 2623 omnino
1115 2595 1240 2623 secus
1280 2581 1423 2623 habet.

88 2635 169 2678 Est
198 2636 308 2678 enim
338 2636 460 2678 locus
491 2636 572 2678 iste
602 2636 654 2678 de
676 2636 913 2694 disciplinis
933 2637 1245 2680 mathematicis
1274 2653 1300 2679 a
1328 2638 1425 2694 phi-

89 2690 271 2747 losopho
318 2708 466 2735 revera
509 2692 613 2736 satis
652 2693 881 2750 diligenter
920 2695 1172 2737 illustratus.
1251 2695 1422 2737 Etenim
