<?xml version="1.0" encoding="UTF-8"?>
<!DOCTYPE html PUBLIC "-//W3C//DTD XHTML 1.0 Transitional//EN"
    "http://www.w3.org/TR/xhtml1/DTD/xhtml1-transitional.dtd">
<html xmlns="http://www.w3.org/1999/xhtml" xml:lang="en" lang="en">
 <head>
  <title>
</title>
<meta http-equiv="Content-Type" content="text/html;charset=utf-8" />
  <meta name='ocr-system' content='tesseract 3.04.00' />
  <meta name='ocr-capabilities' content='ocr_page ocr_carea ocr_par ocr_line ocrx_word'/>
</head>
<body>
  <div class='ocr_page' id='page_1' title='image "./n3operaomniarecens10platuoft/n3operaomniarecens10platuoft_0195.png"; bbox 0 0 1781 2971; ppageno 0'>
   <div class='ocr_carea' id='block_1_1' title="bbox 275 129 1423 177">
    <p class='ocr_par' dir='ltr' id='par_1_1' title="bbox 275 129 1423 177">
     <span class='ocr_line' id='line_1_1' title="bbox 275 129 1423 177; baseline -0.004 0"><span class='ocrx_word' id='word_1_1' title='bbox 275 135 355 177; x_wconf 77' lang='lat' dir='ltr'>DE</span> <span class='ocrx_word' id='word_1_2' title='bbox 387 132 665 177; x_wconf 83' lang='lat' dir='ltr'>LEGIBUS</span> <span class='ocrx_word' id='word_1_3' title='bbox 699 131 815 174; x_wconf 86' lang='lat' dir='ltr'><strong>LIB.</strong></span> <span class='ocrx_word' id='word_1_4' title='bbox 850 131 906 174; x_wconf 90' lang='lat' dir='ltr'>X.</span> <span class='ocrx_word' id='word_1_5' title='bbox 944 131 989 172; x_wconf 81' lang='lat' dir='ltr'>P.</span> <span class='ocrx_word' id='word_1_6' title='bbox 1023 132 1117 173; x_wconf 81' lang='lat'><strong>899.</strong></span> <span class='ocrx_word' id='word_1_7' title='bbox 1152 129 1217 172; x_wconf 87' lang='lat' dir='ltr'>St.</span> <span class='ocrx_word' id='word_1_8' title='bbox 1352 133 1423 172; x_wconf 72' lang='lat'>191</span> 
     </span>
    </p>
   </div>
   <div class='ocr_carea' id='block_1_2' title="bbox 72 247 1429 644">
    <p class='ocr_par' dir='ltr' id='par_1_2' title="bbox 72 247 1429 644">
     <span class='ocr_line' id='line_1_2' title="bbox 173 247 1428 307; baseline -0.007 -11"><span class='ocrx_word' id='word_1_9' title='bbox 173 255 272 296; x_wconf 78' lang='grc' dir='ltr'>ΑΘ.</span> <span class='ocrx_word' id='word_1_10' title='bbox 332 251 401 295; x_wconf 92' lang='lat' dir='ltr'><em>H</em></span> <span class='ocrx_word' id='word_1_11' title='bbox 431 251 532 296; x_wconf 80' lang='grc' dir='ltr'><em>διδι</em></span> <span class='ocrx_word' id='word_1_12' title='bbox 535 268 652 296; x_wconf 85' lang='grc' dir='ltr'><em>σκειν</em></span> <span class='ocrx_word' id='word_1_13' title='bbox 686 249 817 307; x_wconf 80' lang='grc' dir='ltr'><strong><em>ἡμᾶς,</em></strong></span> <span class='ocrx_word' id='word_1_14' title='bbox 854 249 911 299; x_wconf 83' lang='grc' dir='ltr'>ὡς</span> <span class='ocrx_word' id='word_1_15' title='bbox 939 247 1017 292; x_wconf 83' lang='grc' dir='ltr'>οὐκ</span> <span class='ocrx_word' id='word_1_16' title='bbox 1053 248 1212 303; x_wconf 75' lang='grc' dir='ltr'><em>ὀρθῶς</em></span> <span class='ocrx_word' id='word_1_17' title='bbox 1248 248 1428 301; x_wconf 79' lang='grc' dir='ltr'><em>λέγομεν</em></span> 
     </span>
     <span class='ocr_line' id='line_1_3' title="bbox 76 314 1428 380; baseline -0.006 -16.849"><span class='ocrx_word' id='word_1_18' title='bbox 76 323 303 376; x_wconf 69' lang='grc' dir='ltr'><em>τιθέμενοι</em></span> <span class='ocrx_word' id='word_1_19' title='bbox 343 321 494 380; x_wconf 78' lang='grc' dir='ltr'><em>ψυχὴν</em></span> <span class='ocrx_word' id='word_1_20' title='bbox 541 325 702 375; x_wconf 74' lang='grc' dir='ltr'><em>γένεσιν</em></span> <span class='ocrx_word' id='word_1_21' title='bbox 739 318 952 360; x_wconf 76' lang='grc' dir='ltr'><em>ὰπαντων</em></span> <span class='ocrx_word' id='word_1_22' title='bbox 992 315 1103 358; x_wconf 86' lang='grc' dir='ltr'><em>εἶναι</em></span> <span class='ocrx_word' id='word_1_23' title='bbox 1139 314 1318 370; x_wconf 70' lang='grc' dir='ltr'><em>πρώτην</em></span> <span class='ocrx_word' id='word_1_24' title='bbox 1356 331 1428 356; x_wconf 85' lang='grc' dir='ltr'>και</span> 
     </span>
     <span class='ocr_line' id='line_1_4' title="bbox 79 381 1426 440; baseline -0.006 -10"><span class='ocrx_word' id='word_1_25' title='bbox 79 381 218 431; x_wconf 83' lang='grc' dir='ltr'><em>τᾶλλα</em></span> <span class='ocrx_word' id='word_1_26' title='bbox 255 386 400 430; x_wconf 81' lang='grc' dir='ltr'><em>ὁπόσα</em></span> <span class='ocrx_word' id='word_1_27' title='bbox 437 386 608 429; x_wconf 83' lang='grc' dir='ltr'><em>τούτων</em></span> <span class='ocrx_word' id='word_1_28' title='bbox 647 384 918 440; x_wconf 77' lang='grc' dir='ltr'><em>ξυνεπόμενα</em></span> <span class='ocrx_word' id='word_1_29' title='bbox 956 382 1153 437; x_wconf 76' lang='grc' dir='ltr'><em>εἴπομεν,</em></span> <span class='ocrx_word' id='word_1_30' title='bbox 1198 399 1224 434; x_wconf 85' lang='grc' dir='ltr'><em>η</em></span> <span class='ocrx_word' id='word_1_31' title='bbox 1260 399 1319 436; x_wconf 85' lang='grc' dir='ltr'>μη</span> <span class='ocrx_word' id='word_1_32' title='bbox 1356 385 1426 425; x_wconf 85' lang='grc' dir='ltr'>δυ-</span> 
     </span>
     <span class='ocr_line' id='line_1_5' title="bbox 72 449 1428 508; baseline -0.006 -10"><span class='ocrx_word' id='word_1_33' title='bbox 72 455 271 507; x_wconf 75' lang='grc' dir='ltr'><em>νάμενον</em></span> <span class='ocrx_word' id='word_1_34' title='bbox 322 457 496 508; x_wconf 69' lang='grc' dir='ltr'><em>βέλτιον</em></span> <span class='ocrx_word' id='word_1_35' title='bbox 543 458 679 508; x_wconf 66' lang='grc' dir='ltr'><em>λέγειν</em></span> <span class='ocrx_word' id='word_1_36' title='bbox 735 452 858 508; x_wconf 80' lang='grc' dir='ltr'><em>ἡμῶν</em></span> <span class='ocrx_word' id='word_1_37' title='bbox 902 449 1006 506; x_wconf 79' lang='grc' dir='ltr'><em>ἡμῖν</em></span> <span class='ocrx_word' id='word_1_38' title='bbox 1058 451 1308 492; x_wconf 70' lang='grc' dir='ltr'><em>πείθεσθαι</em></span> <span class='ocrx_word' id='word_1_39' title='bbox 1355 466 1428 491; x_wconf 88' lang='grc' dir='ltr'>και</span> 
     </span>
     <span class='ocr_line' id='line_1_6' title="bbox 74 514 1429 576; baseline -0.005 -12"><span class='ocrx_word' id='word_1_40' title='bbox 74 525 153 575; x_wconf 82' lang='grc' dir='ltr'>ζῆν</span> <span class='ocrx_word' id='word_1_41' title='bbox 197 520 339 572; x_wconf 74' lang='grc' dir='ltr'><em>θεοὺς</em></span> <span class='ocrx_word' id='word_1_42' title='bbox 388 520 634 576; x_wconf 79' lang='grc' dir='ltr'><em>ἡγούμενον</em></span> <span class='ocrx_word' id='word_1_43' title='bbox 679 526 738 570; x_wconf 83' lang='grc' dir='ltr'>εὶς</span> <span class='ocrx_word' id='word_1_44' title='bbox 780 518 856 562; x_wconf 84' lang='grc' dir='ltr'>τὸν</span> <span class='ocrx_word' id='word_1_45' title='bbox 899 520 1130 560; x_wconf 74' lang='grc' dir='ltr'><em>ἐπίλοιπον</em></span> <span class='ocrx_word' id='word_1_46' title='bbox 1166 518 1280 571; x_wconf 80' lang='grc' dir='ltr'><em>βίον.</em></span> <span class='ocrx_word' id='word_1_47' title='bbox 1316 514 1429 571; x_wconf 80' lang='grc' dir='ltr'><em>ὁρῶ-</em></span> 
     </span>
     <span class='ocr_line' id='line_1_7' title="bbox 73 581 1428 644; baseline -0.005 -12"><span class='ocrx_word' id='word_1_48' title='bbox 73 607 152 644; x_wconf 83' lang='grc' dir='ltr'>μεν</span> <span class='ocrx_word' id='word_1_49' title='bbox 189 583 270 632; x_wconf 77' lang='grc' dir='ltr'>οὖν</span> <span class='ocrx_word' id='word_1_50' title='bbox 307 589 389 632; x_wconf 76' lang='grc' dir='ltr'>εἰἰέ</span> <span class='ocrx_word' id='word_1_51' title='bbox 428 591 588 639; x_wconf 78' lang='grc' dir='ltr'><em>ἱκανῶς</em></span> <span class='ocrx_word' id='word_1_52' title='bbox 626 586 707 641; x_wconf 74' lang='grc' dir='ltr'>ἤδη</span> <span class='ocrx_word' id='word_1_53' title='bbox 746 595 837 636; x_wconf 83' lang='grc' dir='ltr'><em>τοῖς</em></span> <span class='ocrx_word' id='word_1_54' title='bbox 874 583 953 638; x_wconf 82' lang='grc' dir='ltr'>οὐχ</span> <span class='ocrx_word' id='word_1_55' title='bbox 996 581 1254 637; x_wconf 71' lang='grc' dir='ltr'><em>ἡγουμένοις</em></span> <span class='ocrx_word' id='word_1_56' title='bbox 1288 582 1428 631; x_wconf 63' lang='grc' dir='ltr'><em>θεοὺς</em></span> 
     </span>
    </p>
   </div>
   <div class='ocr_carea' id='block_1_3' title="bbox 0 0 32 2971">
    <p class='ocr_par' dir='ltr' id='par_1_3' title="bbox 0 0 32 2971">
     <span class='ocr_line' id='line_1_8' title="bbox 0 0 32 2971; baseline 0 0"><span class='ocrx_word' id='word_1_57' title='bbox 0 0 32 2971; x_wconf 95' lang='lat' dir='ltr'> </span> 
     </span>
    </p>
   </div>
   <div class='ocr_carea' id='block_1_4' title="bbox 75 652 1019 714">
    <p class='ocr_par' dir='ltr' id='par_1_4' title="bbox 75 652 1019 714">
     <span class='ocr_line' id='line_1_9' title="bbox 75 652 1019 714; baseline -0.008 -15"><span class='ocrx_word' id='word_1_58' title='bbox 75 654 309 714; x_wconf 75' lang='grc' dir='ltr'><em>εἰρήκαμεν</em></span> <span class='ocrx_word' id='word_1_59' title='bbox 344 654 402 706; x_wconf 80' lang='grc' dir='ltr'>ὡς</span> <span class='ocrx_word' id='word_1_60' title='bbox 439 659 516 699; x_wconf 72' lang='grc' dir='ltr'><em>εἰσὶ</em></span> <span class='ocrx_word' id='word_1_61' title='bbox 555 658 672 704; x_wconf 75' lang='grc' dir='ltr'><em>θεοί,</em></span> <span class='ocrx_word' id='word_1_62' title='bbox 710 653 792 696; x_wconf 79' lang='grc' dir='ltr'><em>εἴτε</em></span> <span class='ocrx_word' id='word_1_63' title='bbox 829 652 1019 700; x_wconf 81' lang='grc' dir='ltr'>ὲπιδεῶς.</span> 
     </span>
    </p>
   </div>
   <div class='ocr_carea' id='block_1_5' title="bbox 179 721 353 766">
    <p class='ocr_par' dir='ltr' id='par_1_5' title="bbox 179 721 353 766">
     <span class='ocr_line' id='line_1_10' title="bbox 179 721 353 766; baseline 0.006 -1"><span class='ocrx_word' id='word_1_64' title='bbox 179 724 279 766; x_wconf 83' lang='grc' dir='ltr'>ΚΛ.</span> <span class='ocrx_word' id='word_1_65' title='bbox 337 721 353 734; x_wconf 78' lang='grc'>”</span> 
     </span>
    </p>
   </div>
   <div class='ocr_carea' id='block_1_6' title="bbox 358 714 1280 775">
    <p class='ocr_par' dir='ltr' id='par_1_6' title="bbox 358 714 1280 775">
     <span class='ocr_line' id='line_1_11' title="bbox 358 714 1280 775; baseline -0.01 -9"><span class='ocrx_word' id='word_1_66' title='bbox 358 720 531 766; x_wconf 73' lang='grc' dir='ltr'><em>Ηκιστα</em></span> <span class='ocrx_word' id='word_1_67' title='bbox 568 739 626 775; x_wconf 73' lang='grc' dir='ltr'>γε,</span> <span class='ocrx_word' id='word_1_68' title='bbox 665 714 695 762; x_wconf 79' lang='grc' dir='ltr'><strong><em>ὦ</em></strong></span> <span class='ocrx_word' id='word_1_69' title='bbox 735 720 836 771; x_wconf 78' lang='grc' dir='ltr'><em>ξένε,</em></span> <span class='ocrx_word' id='word_1_70' title='bbox 874 716 1055 760; x_wconf 74' lang='grc' dir='ltr'><em>πάντων</em></span> <span class='ocrx_word' id='word_1_71' title='bbox 1090 717 1280 765; x_wconf 75' lang='grc' dir='ltr'><em>ὲπιδεῶς,</em></span> 
     </span>
    </p>
   </div>
   <div class='ocr_carea' id='block_1_7' title="bbox 177 781 1431 849">
    <p class='ocr_par' dir='ltr' id='par_1_7' title="bbox 177 781 1431 849">
     <span class='ocr_line' id='line_1_12' title="bbox 177 781 1431 849; baseline -0.005 -18"><span class='ocrx_word' id='word_1_72' title='bbox 177 787 287 849; x_wconf 82' lang='lat' dir='ltr'><strong>Cap.</strong></span> <span class='ocrx_word' id='word_1_73' title='bbox 334 788 390 832; x_wconf 75' lang='lat' dir='ltr'>X.</span> <span class='ocrx_word' id='word_1_74' title='bbox 449 790 541 831; x_wconf 83' lang='grc' dir='ltr'>ΑΘ.</span> <span class='ocrx_word' id='word_1_75' title='bbox 601 787 788 836; x_wconf 79' lang='grc' dir='ltr'><em>Τούτοις</em></span> <span class='ocrx_word' id='word_1_76' title='bbox 822 789 902 841; x_wconf 80' lang='grc' dir='ltr'>μὲν</span> <span class='ocrx_word' id='word_1_77' title='bbox 941 787 1089 827; x_wconf 82' lang='grc' dir='ltr'><em>τοίνυν</em></span> <span class='ocrx_word' id='word_1_78' title='bbox 1128 782 1231 838; x_wconf 83' lang='grc' dir='ltr'><em>ἡμῖν</em></span> <span class='ocrx_word' id='word_1_79' title='bbox 1270 781 1319 825; x_wconf 84' lang='grc' dir='ltr'>τὸ</span> <span class='ocrx_word' id='word_1_80' title='bbox 1359 782 1431 825; x_wconf 81' lang='grc' dir='ltr'>λό·</span> 
     </span>
    </p>
   </div>
   <div class='ocr_carea' id='block_1_8' title="bbox 169 938 1430 982">
    <p class='ocr_par' dir='ltr' id='par_1_8' title="bbox 169 938 1430 982">
     <span class='ocr_line' id='line_1_13' title="bbox 169 938 1430 982; baseline -0.003 -6"><span class='ocrx_word' id='word_1_81' title='bbox 169 943 207 976; x_wconf 85' lang='lat' dir='ltr'>C.</span> <span class='ocrx_word' id='word_1_82' title='bbox 260 941 397 977; x_wconf 80' lang='grc' dir='ltr'><em>ὁπόσα</em></span> <span class='ocrx_word' id='word_1_83' title='bbox 425 942 586 976; x_wconf 82' lang='grc' dir='ltr'><em>ιυύτωι</em></span> <span class='ocrx_word' id='word_1_84' title='bbox 613 953 758 974; x_wconf 67' lang='lat' dir='ltr'><strong>omen.</strong></span> <span class='ocrx_word' id='word_1_85' title='bbox 776 945 784 980; x_wconf 87' lang='grc'>1</span> <span class='ocrx_word' id='word_1_86' title='bbox 815 939 923 982; x_wconf 78' lang='grc' dir='ltr'><em>τούτῳ</em></span> <span class='ocrx_word' id='word_1_87' title='bbox 951 941 1032 973; x_wconf 85' lang='lat' dir='ltr'><strong>Vat.</strong></span> <span class='ocrx_word' id='word_1_88' title='bbox 1065 938 1102 974; x_wconf 87' lang='grc' dir='ltr'><strong>Ω</strong></span> <span class='ocrx_word' id='word_1_89' title='bbox 1129 949 1219 972; x_wconf 81' lang='lat' dir='ltr'><strong>corr.</strong></span> <span class='ocrx_word' id='word_1_90' title='bbox 1247 944 1280 972; x_wconf 88' lang='lat' dir='ltr'>et</span> <span class='ocrx_word' id='word_1_91' title='bbox 1306 950 1333 971; x_wconf 90' lang='lat' dir='ltr'>r.</span> <span class='ocrx_word' id='word_1_92' title='bbox 1362 941 1430 972; x_wconf 86' lang='lat' dir='ltr'><strong>vii.</strong></span> 
     </span>
    </p>
   </div>
   <div class='ocr_carea' id='block_1_9' title="bbox 78 992 255 1034">
    <p class='ocr_par' dir='ltr' id='par_1_9' title="bbox 78 992 255 1034">
     <span class='ocr_line' id='line_1_14' title="bbox 78 992 255 1034; baseline -0.018 -11"><span class='ocrx_word' id='word_1_93' title='bbox 78 992 255 1034; x_wconf 81' lang='lat' dir='ltr'>explicatt</span> 
     </span>
    </p>
   </div>
   <div class='ocr_carea' id='block_1_10' title="bbox 78 1028 1432 1125">
    <p class='ocr_par' dir='ltr' id='par_1_10' title="bbox 78 1028 1432 1125">
     <span class='ocr_line' id='line_1_15' title="bbox 168 1028 1432 1079; baseline -0.004 -11"><span class='ocrx_word' id='word_1_94' title='bbox 168 1037 304 1079; x_wconf 71' lang='grc' dir='ltr'>λέγειι</span> <span class='ocrx_word' id='word_1_95' title='bbox 341 1033 455 1077; x_wconf 74' lang='grc' dir='ltr'>ἦμοῖι</span> <span class='ocrx_word' id='word_1_96' title='bbox 493 1033 587 1077; x_wconf 61' lang='grc' dir='ltr'><em>ᾖιμῐι</em></span> <span class='ocrx_word' id='word_1_97' title='bbox 620 1032 880 1073; x_wconf 74' lang='grc' dir='ltr'>πειθεσθαι]</span> <span class='ocrx_word' id='word_1_98' title='bbox 911 1029 985 1072; x_wconf 81' lang='grc' dir='ltr'>ἡμῖι</span> <span class='ocrx_word' id='word_1_99' title='bbox 1015 1028 1034 1072; x_wconf 76' lang='grc' dir='ltr'><em>ἢ</em></span> <span class='ocrx_word' id='word_1_100' title='bbox 1059 1042 1107 1062; x_wconf 84' lang='grc' dir='ltr'>ων</span> <span class='ocrx_word' id='word_1_101' title='bbox 1134 1038 1299 1074; x_wconf 79' lang='lat' dir='ltr'>corrupte</span> <span class='ocrx_word' id='word_1_102' title='bbox 1325 1036 1368 1065; x_wconf 91' lang='lat' dir='ltr'>A.</span> <span class='ocrx_word' id='word_1_103' title='bbox 1398 1039 1432 1064; x_wconf 87' lang='lat' dir='ltr'>et</span> 
     </span>
     <span class='ocr_line' id='line_1_16' title="bbox 78 1075 1431 1125; baseline -0.002 -11"><span class='ocrx_word' id='word_1_104' title='bbox 78 1093 127 1125; x_wconf 75' lang='lat' dir='ltr'>pr.</span> <span class='ocrx_word' id='word_1_105' title='bbox 158 1081 195 1114; x_wconf 83' lang='grc' dir='ltr'>Ω.</span> <span class='ocrx_word' id='word_1_106' title='bbox 246 1083 339 1114; x_wconf 98' lang='lat' dir='ltr'>Dein</span> <span class='ocrx_word' id='word_1_107' title='bbox 376 1092 440 1123; x_wconf 81' lang='lat' dir='ltr'>pro</span> <span class='ocrx_word' id='word_1_108' title='bbox 467 1081 548 1121; x_wconf 77' lang='grc' dir='ltr'><em>βιόν</em></span> <span class='ocrx_word' id='word_1_109' title='bbox 575 1083 678 1114; x_wconf 86' lang='lat' dir='ltr'><strong>Voss.</strong></span> <span class='ocrx_word' id='word_1_110' title='bbox 707 1086 740 1112; x_wconf 82' lang='lat' dir='ltr'>et</span> <span class='ocrx_word' id='word_1_111' title='bbox 775 1080 834 1111; x_wconf 83' lang='lat' dir='ltr'>alii</span> <span class='ocrx_word' id='word_1_112' title='bbox 874 1079 1014 1119; x_wconf 81' lang='lat' dir='ltr'>qnidam</span> <span class='ocrx_word' id='word_1_113' title='bbox 1051 1075 1178 1118; x_wconf 75' lang='grc' dir='ltr'><em>χρόνον</em></span> <span class='ocrx_word' id='word_1_114' title='bbox 1213 1081 1357 1121; x_wconf 82' lang='lat' dir='ltr'>vulgato</span> <span class='ocrx_word' id='word_1_115' title='bbox 1395 1081 1431 1111; x_wconf 85' lang='lat' dir='ltr'>in</span> 
     </span>
    </p>
   </div>
   <div class='ocr_carea' id='block_1_11' title="bbox 75 1130 399 1170">
    <p class='ocr_par' dir='ltr' id='par_1_11' title="bbox 75 1130 399 1170">
     <span class='ocr_line' id='line_1_17' title="bbox 75 1130 399 1170; baseline -0.01 -8"><span class='ocrx_word' id='word_1_116' title='bbox 75 1140 171 1170; x_wconf 57' lang='lat' dir='ltr'>mar„</span> <span class='ocrx_word' id='word_1_117' title='bbox 153 1140 183 1160; x_wconf 75' lang='lat' dir='ltr'>r.</span> <span class='ocrx_word' id='word_1_118' title='bbox 208 1130 399 1170; x_wconf 81' lang='lat' dir='ltr'>adscripto.</span> 
     </span>
    </p>
   </div>
   <div class='ocr_carea' id='block_1_12' title="bbox 151 1155 1431 1216">
    <p class='ocr_par' dir='ltr' id='par_1_12' title="bbox 151 1155 1431 1216">
     <span class='ocr_line' id='line_1_18' title="bbox 151 1155 1431 1216; baseline -0.002 -8.955"><span class='ocrx_word' id='word_1_119' title='bbox 151 1155 211 1207; x_wconf 51' lang='lat' dir='ltr'>OD.</span> <span class='ocrx_word' id='word_1_120' title='bbox 261 1175 345 1206; x_wconf 78' lang='grc' dir='ltr'>εἴτε</span> <span class='ocrx_word' id='word_1_121' title='bbox 371 1173 569 1216; x_wconf 53' lang='lat' dir='ltr'>samem]</span> <span class='ocrx_word' id='word_1_122' title='bbox 595 1172 731 1206; x_wconf 77' lang='grc' dir='ltr'><em>έπιδέον</em></span> <span class='ocrx_word' id='word_1_123' title='bbox 758 1174 808 1205; x_wconf 81' lang='lat' dir='ltr'>bis</span> <span class='ocrx_word' id='word_1_124' title='bbox 829 1170 952 1212; x_wconf 86' lang='lat' dir='ltr'><strong>Steph.</strong></span> <span class='ocrx_word' id='word_1_125' title='bbox 980 1170 1103 1202; x_wconf 86' lang='lat' dir='ltr'>invitis</span> <span class='ocrx_word' id='word_1_126' title='bbox 1129 1170 1230 1203; x_wconf 77' lang='lat' dir='ltr'>libiis</span> <span class='ocrx_word' id='word_1_127' title='bbox 1258 1173 1431 1210; x_wconf 85' lang='lat' dir='ltr'>omnibus,</span> 
     </span>
    </p>
   </div>
   <div class='ocr_carea' id='block_1_13' title="bbox 77 1221 777 1254">
    <p class='ocr_par' dir='ltr' id='par_1_13' title="bbox 77 1221 777 1254">
     <span class='ocr_line' id='line_1_19' title="bbox 77 1221 777 1254; baseline -0.003 -1"><span class='ocrx_word' id='word_1_128' title='bbox 77 1222 181 1253; x_wconf 80' lang='lat' dir='ltr'>etiam</span> <span class='ocrx_word' id='word_1_129' title='bbox 207 1222 306 1253; x_wconf 83' lang='lat' dir='ltr'><strong>editt.</strong></span> <span class='ocrx_word' id='word_1_130' title='bbox 335 1222 416 1253; x_wconf 85' lang='lat' dir='ltr'><strong>Ald.</strong></span> <span class='ocrx_word' id='word_1_131' title='bbox 442 1222 530 1253; x_wconf 87' lang='lat' dir='ltr'><strong>Lov.</strong></span> <span class='ocrx_word' id='word_1_132' title='bbox 559 1221 660 1253; x_wconf 82' lang='lat' dir='ltr'><strong>Bass.</strong></span> <span class='ocrx_word' id='word_1_133' title='bbox 688 1221 718 1254; x_wconf 90' lang='lat'>1.</span> <span class='ocrx_word' id='word_1_134' title='bbox 744 1221 777 1253; x_wconf 74' lang='lat'>⁶2.</span> 
     </span>
    </p>
   </div>
   <div class='ocr_carea' id='block_1_14' title="bbox 78 1358 728 2784">
    <p class='ocr_par' dir='ltr' id='par_1_14' title="bbox 78 1358 722 1817">
     <span class='ocr_line' id='line_1_20' title="bbox 78 1358 720 1400; baseline -0.003 -9"><span class='ocrx_word' id='word_1_135' title='bbox 78 1360 177 1399; x_wconf 85' lang='lat' dir='ltr'>deos,</span> <span class='ocrx_word' id='word_1_136' title='bbox 206 1368 295 1400; x_wconf 84' lang='lat' dir='ltr'>quos</span> <span class='ocrx_word' id='word_1_137' title='bbox 321 1360 516 1399; x_wconf 86' lang='lat' dir='ltr'>nominant,</span> <span class='ocrx_word' id='word_1_138' title='bbox 542 1363 580 1389; x_wconf 85' lang='lat' dir='ltr'>ut</span> <span class='ocrx_word' id='word_1_139' title='bbox 597 1358 720 1397; x_wconf 82' lang='lat' dir='ltr'>solem,</span> 
     </span>
     <span class='ocr_line' id='line_1_21' title="bbox 80 1404 718 1445; baseline -0.002 -9"><span class='ocrx_word' id='word_1_140' title='bbox 80 1405 380 1445; x_wconf 72' lang='lat' dir='ltr'>lunam‚-stellas‚</span> <span class='ocrx_word' id='word_1_141' title='bbox 407 1410 533 1437; x_wconf 78' lang='lat' dir='ltr'>cetera.</span> <span class='ocrx_word' id='word_1_142' title='bbox 565 1415 595 1435; x_wconf 92' lang='lat' dir='ltr'>v.</span> <span class='ocrx_word' id='word_1_143' title='bbox 623 1404 718 1435; x_wconf 88' lang='lat' dir='ltr'>Tie-</span> 
     </span>
     <span class='ocr_line' id='line_1_22' title="bbox 79 1449 720 1493; baseline -0.005 -10"><span class='ocrx_word' id='word_1_144' title='bbox 79 1453 168 1484; x_wconf 89' lang='lat' dir='ltr'>dem</span> <span class='ocrx_word' id='word_1_145' title='bbox 180 1461 274 1483; x_wconf 87' lang='lat' dir='ltr'><strong>ann.</strong></span> <span class='ocrx_word' id='word_1_146' title='bbox 304 1450 442 1493; x_wconf 86' lang='lat' dir='ltr'>System</span> <span class='ocrx_word' id='word_1_147' title='bbox 458 1453 519 1483; x_wconf 88' lang='lat' dir='ltr'>der</span> <span class='ocrx_word' id='word_1_148' title='bbox 534 1449 720 1482; x_wconf 80' lang='lat' dir='ltr'>Stoisehen</span> 
     </span>
     <span class='ocr_line' id='line_1_23' title="bbox 80 1497 718 1538; baseline -0.003 -9"><span class='ocrx_word' id='word_1_149' title='bbox 80 1498 312 1538; x_wconf 65' lang='lat' dir='ltr'>Philosophia</span> <span class='ocrx_word' id='word_1_150' title='bbox 339 1498 480 1529; x_wconf 84' lang='lat' dir='ltr'><strong>V01.11.</strong></span> <span class='ocrx_word' id='word_1_151' title='bbox 508 1508 542 1538; x_wconf 93' lang='lat' dir='ltr'><strong>p.</strong></span> <span class='ocrx_word' id='word_1_152' title='bbox 559 1497 625 1531; x_wconf 88' lang='lat'>179</span> <span class='ocrx_word' id='word_1_153' title='bbox 642 1507 718 1538; x_wconf 90' lang='lat' dir='ltr'><strong>sqq.</strong></span> 
     </span>
     <span class='ocr_line' id='line_1_24' title="bbox 80 1543 720 1585; baseline 0 -12"><span class='ocrx_word' id='word_1_154' title='bbox 80 1544 260 1578; x_wconf 82' lang='lat' dir='ltr'>Quocirca</span> <span class='ocrx_word' id='word_1_155' title='bbox 299 1544 388 1576; x_wconf 88' lang='lat' dir='ltr'>bene</span> <span class='ocrx_word' id='word_1_156' title='bbox 433 1545 562 1585; x_wconf 82' lang='lat' dir='ltr'>aliquis</span> <span class='ocrx_word' id='word_1_157' title='bbox 596 1543 720 1574; x_wconf 81' lang='lat' dir='ltr'>mereri</span> 
     </span>
     <span class='ocr_line' id='line_1_25' title="bbox 80 1589 720 1631; baseline -0.003 -10"><span class='ocrx_word' id='word_1_158' title='bbox 80 1591 231 1631; x_wconf 85' lang='lat' dir='ltr'>poterit,</span> <span class='ocrx_word' id='word_1_159' title='bbox 258 1590 307 1629; x_wconf 92' lang='lat' dir='ltr'>si,</span> <span class='ocrx_word' id='word_1_160' title='bbox 343 1600 433 1631; x_wconf 86' lang='lat' dir='ltr'>quae</span> <span class='ocrx_word' id='word_1_161' title='bbox 457 1591 492 1621; x_wconf 90' lang='lat' dir='ltr'>in</span> <span class='ocrx_word' id='word_1_162' title='bbox 519 1589 720 1621; x_wconf 79' lang='lat' dir='ltr'>Stoicorum</span> 
     </span>
     <span class='ocr_line' id='line_1_26' title="bbox 81 1636 722 1678; baseline -0.002 -11"><span class='ocrx_word' id='word_1_163' title='bbox 81 1637 218 1668; x_wconf 85' lang='lat' dir='ltr'>ratione</span> <span class='ocrx_word' id='word_1_164' title='bbox 243 1636 393 1668; x_wconf 83' lang='lat' dir='ltr'>obscura</span> <span class='ocrx_word' id='word_1_165' title='bbox 417 1641 513 1678; x_wconf 73' lang='lat' dir='ltr'>sunt,</span> <span class='ocrx_word' id='word_1_166' title='bbox 539 1637 636 1677; x_wconf 87' lang='lat' dir='ltr'>(sunt</span> <span class='ocrx_word' id='word_1_167' title='bbox 661 1646 722 1667; x_wconf 84' lang='lat' dir='ltr'>au·</span> 
     </span>
     <span class='ocr_line' id='line_1_27' title="bbox 81 1681 721 1723; baseline -0.003 -9"><span class='ocrx_word' id='word_1_168' title='bbox 81 1687 148 1714; x_wconf 88' lang='lat' dir='ltr'>tem</span> <span class='ocrx_word' id='word_1_169' title='bbox 174 1692 245 1713; x_wconf 87' lang='lat' dir='ltr'>non</span> <span class='ocrx_word' id='word_1_170' title='bbox 271 1682 412 1723; x_wconf 81' lang='lat' dir='ltr'>pauca),</span> <span class='ocrx_word' id='word_1_171' title='bbox 440 1692 480 1714; x_wconf 86' lang='lat' dir='ltr'>ea</span> <span class='ocrx_word' id='word_1_172' title='bbox 499 1692 542 1713; x_wconf 85' lang='lat' dir='ltr'>ex</span> <span class='ocrx_word' id='word_1_173' title='bbox 560 1681 721 1713; x_wconf 82' lang='lat' dir='ltr'>Platonis</span> 
     </span>
     <span class='ocr_line' id='line_1_28' title="bbox 81 1729 720 1769; baseline 0.002 -11"><span class='ocrx_word' id='word_1_174' title='bbox 81 1729 242 1760; x_wconf 82' lang='lat' dir='ltr'>doctrina</span> <span class='ocrx_word' id='word_1_175' title='bbox 276 1729 453 1760; x_wconf 85' lang='lat' dir='ltr'>illustrare</span> <span class='ocrx_word' id='word_1_176' title='bbox 488 1733 522 1760; x_wconf 86' lang='lat' dir='ltr'>et</span> <span class='ocrx_word' id='word_1_177' title='bbox 553 1732 720 1769; x_wconf 84' lang='lat' dir='ltr'>tanquam</span> 
     </span>
     <span class='ocr_line' id='line_1_29' title="bbox 81 1779 502 1817; baseline 0 -11"><span class='ocrx_word' id='word_1_178' title='bbox 81 1784 322 1817; x_wconf 69' lang='lat' dir='ltr'>consummare</span> <span class='ocrx_word' id='word_1_179' title='bbox 346 1779 502 1806; x_wconf 82' lang='lat' dir='ltr'>conetur.</span> 
     </span>
    </p>

    <p class='ocr_par' dir='ltr' id='par_1_15' title="bbox 82 1817 723 1954">
     <span class='ocr_line' id='line_1_30' title="bbox 126 1817 723 1862; baseline 0 -11"><span class='ocrx_word' id='word_1_180' title='bbox 126 1820 210 1861; x_wconf 79' lang='grc' dir='ltr'>ζῶα</span> <span class='ocrx_word' id='word_1_181' title='bbox 236 1817 357 1862; x_wconf 81' lang='grc' dir='ltr'><em>ὄντα]</em></span> <span class='ocrx_word' id='word_1_182' title='bbox 390 1820 480 1852; x_wconf 85' lang='lat' dir='ltr'>Nam</span> <span class='ocrx_word' id='word_1_183' title='bbox 513 1822 549 1852; x_wconf 87' lang='lat' dir='ltr'>in</span> <span class='ocrx_word' id='word_1_184' title='bbox 575 1829 723 1861; x_wconf 82' lang='lat' dir='ltr'>corpore</span> 
     </span>
     <span class='ocr_line' id='line_1_31' title="bbox 82 1865 721 1907; baseline 0.002 -10"><span class='ocrx_word' id='word_1_185' title='bbox 82 1867 238 1898; x_wconf 84' lang='lat' dir='ltr'>inclusae</span> <span class='ocrx_word' id='word_1_186' title='bbox 271 1871 370 1907; x_wconf 79' lang='lat' dir='ltr'>sunt,</span> <span class='ocrx_word' id='word_1_187' title='bbox 413 1867 505 1898; x_wconf 88' lang='lat' dir='ltr'><strong>conf.</strong></span> <span class='ocrx_word' id='word_1_188' title='bbox 544 1865 657 1907; x_wconf 85' lang='lat' dir='ltr'><strong>Gorg.</strong></span> <span class='ocrx_word' id='word_1_189' title='bbox 689 1877 721 1907; x_wconf 92' lang='lat' dir='ltr'><strong>p.</strong></span> 
     </span>
     <span class='ocr_line' id='line_1_32' title="bbox 82 1912 529 1954; baseline -0.005 -8"><span class='ocrx_word' id='word_1_190' title='bbox 82 1913 160 1946; x_wconf 80' lang='lat'><strong>506.</strong></span> <span class='ocrx_word' id='word_1_191' title='bbox 188 1913 233 1943; x_wconf 91' lang='lat' dir='ltr'>D.</span> <span class='ocrx_word' id='word_1_192' title='bbox 259 1912 352 1954; x_wconf 87' lang='lat' dir='ltr'>Sym</span> <span class='ocrx_word' id='word_1_193' title='bbox 379 1913 456 1947; x_wconf 78' lang='lat'><strong>206.</strong></span> <span class='ocrx_word' id='word_1_194' title='bbox 489 1913 529 1944; x_wconf 87' lang='lat' dir='ltr'>C.</span> 
     </span>
    </p>

    <p class='ocr_par' dir='ltr' id='par_1_16' title="bbox 83 1954 728 2784">
     <span class='ocr_line' id='line_1_33' title="bbox 130 1954 723 1997; baseline -0.002 -8"><span class='ocrx_word' id='word_1_195' title='bbox 130 1954 226 1989; x_wconf 77' lang='grc' dir='ltr'>ἔσθ’</span> <span class='ocrx_word' id='word_1_196' title='bbox 265 1955 389 1990; x_wconf 70' lang='grc' dir='ltr'><em>ὅςτις</em></span> <span class='ocrx_word' id='word_1_197' title='bbox 418 1959 547 1990; x_wconf 75' lang='grc' dir='ltr'><em>ταῦτα</em></span> <span class='ocrx_word' id='word_1_198' title='bbox 579 1954 723 1997; x_wconf 77' lang='grc' dir='ltr'><em>ὁμολο-</em></span> 
     </span>
     <span class='ocr_line' id='line_1_34' title="bbox 84 1987 726 2047; baseline -0.002 -12"><span class='ocrx_word' id='word_1_199' title='bbox 84 2005 168 2045; x_wconf 79' lang='grc' dir='ltr'>γῶν</span> <span class='ocrx_word' id='word_1_200' title='bbox 196 2002 421 2047; x_wconf 73' lang='grc' dir='ltr'>ι’πομειεί]</span> <span class='ocrx_word' id='word_1_201' title='bbox 448 2005 545 2037; x_wconf 88' lang='lat' dir='ltr'>Libri</span> <span class='ocrx_word' id='word_1_202' title='bbox 572 1987 640 2035; x_wconf 49' lang='grc' dir='ltr'>εἶθ’</span> <span class='ocrx_word' id='word_1_203' title='bbox 666 2009 726 2036; x_wconf 84' lang='lat' dir='ltr'>aut</span> 
     </span>
     <span class='ocr_line' id='line_1_35' title="bbox 84 2046 723 2092; baseline -0.002 -10"><span class='ocrx_word' id='word_1_204' title='bbox 84 2046 151 2082; x_wconf 61' lang='grc' dir='ltr'>εἷθ’</span> <span class='ocrx_word' id='word_1_205' title='bbox 195 2049 286 2082; x_wconf 73' lang='grc' dir='ltr'>ὅςτιε·</span> <span class='ocrx_word' id='word_1_206' title='bbox 330 2055 363 2082; x_wconf 77' lang='lat' dir='ltr'>et</span> <span class='ocrx_word' id='word_1_207' title='bbox 404 2052 510 2092; x_wconf 83' lang='lat' dir='ltr'>vulgo</span> <span class='ocrx_word' id='word_1_208' title='bbox 556 2047 723 2091; x_wconf 75' lang='grc' dir='ltr'><em>ὁμολογεῖ.</em></span> 
     </span>
     <span class='ocr_line' id='line_1_36' title="bbox 83 2094 724 2139; baseline 0 -11"><span class='ocrx_word' id='word_1_209' title='bbox 83 2097 195 2129; x_wconf 87' lang='lat' dir='ltr'>Iidem</span> <span class='ocrx_word' id='word_1_210' title='bbox 223 2094 399 2139; x_wconf 64' lang='grc' dir='ltr'><em>ὑπομένει</em></span> <span class='ocrx_word' id='word_1_211' title='bbox 448 2099 548 2133; x_wconf 82' lang='lat' dir='ltr'>Quod</span> <span class='ocrx_word' id='word_1_212' title='bbox 571 2108 647 2128; x_wconf 80' lang='lat' dir='ltr'>eum</span> <span class='ocrx_word' id='word_1_213' title='bbox 671 2098 724 2128; x_wconf 91' lang='lat' dir='ltr'>A·</span> 
     </span>
     <span class='ocr_line' id='line_1_37' title="bbox 85 2140 727 2175; baseline -0.002 -1"><span class='ocrx_word' id='word_1_214' title='bbox 85 2143 170 2175; x_wconf 83' lang='lat' dir='ltr'>stio</span> <span class='ocrx_word' id='word_1_215' title='bbox 204 2145 414 2175; x_wconf 87' lang='lat' dir='ltr'>mutavimus</span> <span class='ocrx_word' id='word_1_216' title='bbox 447 2145 483 2174; x_wconf 88' lang='lat' dir='ltr'>in</span> <span class='ocrx_word' id='word_1_217' title='bbox 517 2140 598 2175; x_wconf 49' lang='lat'>&amp;⁷05⁸</span> <span class='ocrx_word' id='word_1_218' title='bbox 636 2141 727 2174; x_wconf 71' lang='grc' dir='ltr'><em>ὅςτις</em></span> 
     </span>
     <span class='ocr_line' id='line_1_38' title="bbox 86 2186 725 2231; baseline -0.002 -10"><span class='ocrx_word' id='word_1_219' title='bbox 86 2186 265 2231; x_wconf 73' lang='grc' dir='ltr'><em>ὁμολογῶν</em></span> <span class='ocrx_word' id='word_1_220' title='bbox 283 2195 316 2221; x_wconf 84' lang='lat' dir='ltr'>et</span> <span class='ocrx_word' id='word_1_221' title='bbox 331 2194 473 2221; x_wconf 74' lang='lat' dir='ltr'>tuentur</span> <span class='ocrx_word' id='word_1_222' title='bbox 489 2190 590 2221; x_wconf 83' lang='lat' dir='ltr'><strong>codd.</strong></span> <span class='ocrx_word' id='word_1_223' title='bbox 605 2190 725 2221; x_wconf 83' lang='lat' dir='ltr'>melio-</span> 
     </span>
     <span class='ocr_line' id='line_1_39' title="bbox 85 2233 725 2277; baseline -0.003 -9"><span class='ocrx_word' id='word_1_224' title='bbox 85 2246 152 2268; x_wconf 88' lang='lat' dir='ltr'><strong>res.</strong></span> <span class='ocrx_word' id='word_1_225' title='bbox 206 2237 354 2268; x_wconf 81' lang='lat' dir='ltr'>Verbum</span> <span class='ocrx_word' id='word_1_226' title='bbox 381 2233 457 2267; x_wconf 73' lang='grc' dir='ltr'>ἔσθ’</span> <span class='ocrx_word' id='word_1_227' title='bbox 474 2240 589 2268; x_wconf 80' lang='lat' dir='ltr'>autem</span> <span class='ocrx_word' id='word_1_228' title='bbox 610 2237 725 2277; x_wconf 78' lang='lat' dir='ltr'>requi-</span> 
     </span>
     <span class='ocr_line' id='line_1_40' title="bbox 85 2278 727 2323; baseline 0 -11"><span class='ocrx_word' id='word_1_229' title='bbox 85 2283 132 2313; x_wconf 83' lang='lat' dir='ltr'>rit</span> <span class='ocrx_word' id='word_1_230' title='bbox 149 2281 284 2314; x_wconf 81' lang='lat' dir='ltr'>Cliniae</span> <span class='ocrx_word' id='word_1_231' title='bbox 311 2283 512 2323; x_wconf 84' lang='lat' dir='ltr'>responsio:</span> <span class='ocrx_word' id='word_1_232' title='bbox 540 2278 612 2314; x_wconf 78' lang='grc' dir='ltr'>Οὐκ</span> <span class='ocrx_word' id='word_1_233' title='bbox 637 2282 727 2313; x_wconf 78' lang='grc' dir='ltr'><em>ἔστιν</em></span> 
     </span>
     <span class='ocr_line' id='line_1_41' title="bbox 88 2325 725 2369; baseline 0.002 -11"><span class='ocrx_word' id='word_1_234' title='bbox 88 2325 217 2367; x_wconf 74' lang='grc' dir='ltr'><em>οὕτως,</em></span> <span class='ocrx_word' id='word_1_235' title='bbox 248 2333 353 2369; x_wconf 83' lang='lat' dir='ltr'>atque</span> <span class='ocrx_word' id='word_1_236' title='bbox 385 2329 487 2360; x_wconf 84' lang='lat' dir='ltr'>nihili</span> <span class='ocrx_word' id='word_1_237' title='bbox 513 2328 725 2367; x_wconf 85' lang='lat' dir='ltr'>faciendum,</span> 
     </span>
     <span class='ocr_line' id='line_1_42' title="bbox 88 2370 725 2415; baseline 0 -10"><span class='ocrx_word' id='word_1_238' title='bbox 88 2375 182 2415; x_wconf 91' lang='lat' dir='ltr'>quod</span> <span class='ocrx_word' id='word_1_239' title='bbox 221 2375 363 2415; x_wconf 84' lang='lat' dir='ltr'>quidam</span> <span class='ocrx_word' id='word_1_240' title='bbox 406 2370 483 2411; x_wconf 80' lang='grc' dir='ltr'><em>εἶθ’,</em></span> <span class='ocrx_word' id='word_1_241' title='bbox 521 2375 543 2405; x_wconf 82' lang='lat' dir='ltr'>i.</span> <span class='ocrx_word' id='word_1_242' title='bbox 578 2385 607 2406; x_wconf 84' lang='lat' dir='ltr'>e.</span> <span class='ocrx_word' id='word_1_243' title='bbox 645 2370 725 2410; x_wconf 83' lang='grc' dir='ltr'><em>εἶτα,</em></span> 
     </span>
     <span class='ocr_line' id='line_1_43' title="bbox 85 2421 725 2462; baseline 0.002 -11"><span class='ocrx_word' id='word_1_244' title='bbox 85 2425 254 2462; x_wconf 85' lang='lat' dir='ltr'>putarunt</span> <span class='ocrx_word' id='word_1_245' title='bbox 278 2430 354 2452; x_wconf 87' lang='lat' dir='ltr'>esse</span> <span class='ocrx_word' id='word_1_246' title='bbox 376 2421 568 2452; x_wconf 83' lang='lat' dir='ltr'>illativum:</span> <span class='ocrx_word' id='word_1_247' title='bbox 594 2425 725 2462; x_wconf 83' lang='lat' dir='ltr'>atque</span> 
     </span>
     <span class='ocr_line' id='line_1_44' title="bbox 88 2467 725 2508; baseline 0.003 -12"><span class='ocrx_word' id='word_1_248' title='bbox 88 2471 189 2505; x_wconf 75' lang='lat' dir='ltr'>tuni,</span> <span class='ocrx_word' id='word_1_249' title='bbox 215 2477 285 2508; x_wconf 89' lang='lat' dir='ltr'>quo</span> <span class='ocrx_word' id='word_1_250' title='bbox 315 2467 532 2507; x_wconf 76' lang='lat' dir='ltr'>significatur</span> <span class='ocrx_word' id='word_1_251' title='bbox 545 2467 725 2498; x_wconf 80' lang='lat' dir='ltr'>sciscitan-</span> 
     </span>
     <span class='ocr_line' id='line_1_45' title="bbox 87 2509 728 2554; baseline 0.002 -11"><span class='ocrx_word' id='word_1_252' title='bbox 87 2513 133 2544; x_wconf 87' lang='lat' dir='ltr'>tis</span> <span class='ocrx_word' id='word_1_253' title='bbox 160 2513 212 2544; x_wconf 89' lang='lat' dir='ltr'>vel</span> <span class='ocrx_word' id='word_1_254' title='bbox 231 2509 424 2544; x_wconf 64' lang='lat' dir='ltr'>‘admiratio</span> <span class='ocrx_word' id='word_1_255' title='bbox 442 2514 495 2544; x_wconf 88' lang='lat' dir='ltr'>vel</span> <span class='ocrx_word' id='word_1_256' title='bbox 518 2514 728 2554; x_wconf 80' lang='lat' dir='ltr'>indignatio.</span> 
     </span>
     <span class='ocr_line' id='line_1_46' title="bbox 91 2558 728 2600; baseline 0 -10"><span class='ocrx_word' id='word_1_257' title='bbox 91 2558 140 2590; x_wconf 88' lang='lat' dir='ltr'>De</span> <span class='ocrx_word' id='word_1_258' title='bbox 165 2559 273 2590; x_wconf 82' lang='lat' dir='ltr'>futuri</span> <span class='ocrx_word' id='word_1_259' title='bbox 288 2561 508 2599; x_wconf 83' lang='lat' dir='ltr'>necessitate,</span> <span class='ocrx_word' id='word_1_260' title='bbox 529 2569 632 2600; x_wconf 80' lang='lat' dir='ltr'>quam</span> <span class='ocrx_word' id='word_1_261' title='bbox 649 2569 728 2591; x_wconf 89' lang='lat' dir='ltr'>sen-</span> 
     </span>
     <span class='ocr_line' id='line_1_47' title="bbox 91 2604 727 2645; baseline 0 -9"><span class='ocrx_word' id='word_1_262' title='bbox 91 2605 138 2636; x_wconf 81' lang='lat' dir='ltr'>sit</span> <span class='ocrx_word' id='word_1_263' title='bbox 161 2606 265 2636; x_wconf 86' lang='lat' dir='ltr'>etiam</span> <span class='ocrx_word' id='word_1_264' title='bbox 287 2604 554 2645; x_wconf 78' lang='lat' dir='ltr'>Stephanus,</span> <span class='ocrx_word' id='word_1_265' title='bbox 582 2606 641 2636; x_wconf 82' lang='lat' dir='ltr'>vix</span> <span class='ocrx_word' id='word_1_266' title='bbox 655 2615 727 2636; x_wconf 90' lang='lat' dir='ltr'>mo-</span> 
     </span>
     <span class='ocr_line' id='line_1_48' title="bbox 91 2647 726 2690; baseline 0.002 -8"><span class='ocrx_word' id='word_1_267' title='bbox 91 2660 173 2682; x_wconf 79' lang='lat' dir='ltr'>nere</span> <span class='ocrx_word' id='word_1_268' title='bbox 199 2652 335 2683; x_wconf 82' lang='lat' dir='ltr'>attinet.</span> <span class='ocrx_word' id='word_1_269' title='bbox 391 2652 449 2682; x_wconf 90' lang='lat' dir='ltr'>Ad</span> <span class='ocrx_word' id='word_1_270' title='bbox 475 2647 643 2690; x_wconf 73' lang='grc' dir='ltr'><em>ὑπομενεῖ</em></span> <span class='ocrx_word' id='word_1_271' title='bbox 668 2652 726 2683; x_wconf 87' lang='lat' dir='ltr'>de-</span> 
     </span>
     <span class='ocr_line' id='line_1_49' title="bbox 90 2692 727 2738; baseline 0.003 -11"><span class='ocrx_word' id='word_1_272' title='bbox 90 2697 209 2738; x_wconf 81' lang='lat' dir='ltr'>nique,</span> <span class='ocrx_word' id='word_1_273' title='bbox 235 2699 258 2729; x_wconf 83' lang='lat' dir='ltr'>i.</span> <span class='ocrx_word' id='word_1_274' title='bbox 286 2707 316 2729; x_wconf 86' lang='lat' dir='ltr'>e.</span> <span class='ocrx_word' id='word_1_275' title='bbox 351 2692 520 2737; x_wconf 75' lang='grc' dir='ltr'><em>ᾰνέξεται.</em></span> <span class='ocrx_word' id='word_1_276' title='bbox 553 2707 596 2728; x_wconf 89' lang='lat' dir='ltr'>ex</span> <span class='ocrx_word' id='word_1_277' title='bbox 631 2702 727 2729; x_wconf 84' lang='lat' dir='ltr'>ante-</span> 
     </span>
     <span class='ocr_line' id='line_1_50' title="bbox 93 2739 727 2784; baseline 0.003 -11"><span class='ocrx_word' id='word_1_278' title='bbox 93 2752 213 2782; x_wconf 82' lang='lat' dir='ltr'>gresso</span> <span class='ocrx_word' id='word_1_279' title='bbox 251 2739 429 2784; x_wconf 74' lang='grc' dir='ltr'><em>ὀμολογῶν</em></span> <span class='ocrx_word' id='word_1_280' title='bbox 464 2744 727 2784; x_wconf 81' lang='lat' dir='ltr'>intelligendum</span> 
     </span>
    </p>
   </div>
   <div class='ocr_carea' id='block_1_15' title="bbox 788 1350 1439 2785">
    <p class='ocr_par' dir='ltr' id='par_1_17' title="bbox 788 1350 1431 1812">
     <span class='ocr_line' id='line_1_51' title="bbox 789 1350 1431 1396; baseline 0.003 -11"><span class='ocrx_word' id='word_1_281' title='bbox 789 1354 909 1396; x_wconf 72' lang='grc' dir='ltr'><em>λέγωι,</em></span> <span class='ocrx_word' id='word_1_282' title='bbox 946 1365 973 1386; x_wconf 92' lang='lat' dir='ltr'>s.</span> <span class='ocrx_word' id='word_1_283' title='bbox 1000 1350 1276 1395; x_wconf 34' lang='grc' dir='ltr'>ἅπαριηούμειος.</span> <span class='ocrx_word' id='word_1_284' title='bbox 1330 1355 1431 1388; x_wconf 87' lang='lat' dir='ltr'>Cete-</span> 
     </span>
     <span class='ocr_line' id='line_1_52' title="bbox 789 1397 1431 1444; baseline 0.003 -12"><span class='ocrx_word' id='word_1_285' title='bbox 789 1413 864 1433; x_wconf 75' lang='lat' dir='ltr'>ium</span> <span class='ocrx_word' id='word_1_286' title='bbox 902 1399 1010 1432; x_wconf 71' lang='lat' dir='ltr'><strong><em>mitta</em></strong></span> <span class='ocrx_word' id='word_1_287' title='bbox 1052 1400 1148 1432; x_wconf 73' lang='grc' dir='ltr'><em>θεῶν</em></span> <span class='ocrx_word' id='word_1_288' title='bbox 1194 1400 1301 1444; x_wconf 73' lang='grc' dir='ltr'><em>πλήρη</em></span> <span class='ocrx_word' id='word_1_289' title='bbox 1345 1397 1431 1434; x_wconf 69' lang='grc' dir='ltr'><em>εἶπαι</em></span> 
     </span>
     <span class='ocr_line' id='line_1_53' title="bbox 788 1447 1430 1481; baseline 0 -1"><span class='ocrx_word' id='word_1_290' title='bbox 788 1450 927 1480; x_wconf 84' lang='lat' dir='ltr'>dixerat</span> <span class='ocrx_word' id='word_1_291' title='bbox 963 1449 1029 1479; x_wconf 80' lang='lat' dir='ltr'>iam</span> <span class='ocrx_word' id='word_1_292' title='bbox 1056 1447 1185 1481; x_wconf 83' lang='lat' dir='ltr'>Thales</span> <span class='ocrx_word' id='word_1_293' title='bbox 1221 1455 1310 1481; x_wconf 83' lang='lat' dir='ltr'>teste</span> <span class='ocrx_word' id='word_1_294' title='bbox 1337 1451 1430 1481; x_wconf 90' lang='lat' dir='ltr'>Ari-</span> 
     </span>
     <span class='ocr_line' id='line_1_54' title="bbox 789 1494 1431 1536; baseline -0.002 -9"><span class='ocrx_word' id='word_1_295' title='bbox 789 1500 890 1527; x_wconf 85' lang='lat' dir='ltr'>stot.</span> <span class='ocrx_word' id='word_1_296' title='bbox 921 1494 968 1525; x_wconf 86' lang='lat' dir='ltr'>De</span> <span class='ocrx_word' id='word_1_297' title='bbox 994 1495 1110 1525; x_wconf 82' lang='lat' dir='ltr'>anima</span> <span class='ocrx_word' id='word_1_298' title='bbox 1137 1495 1160 1526; x_wconf 86' lang='lat'>1.</span> <span class='ocrx_word' id='word_1_299' title='bbox 1187 1495 1220 1529; x_wconf 85' lang='lat'>8.</span> <span class='ocrx_word' id='word_1_300' title='bbox 1246 1496 1431 1536; x_wconf 82' lang='lat' dir='ltr'>Diogen.</span> 
     </span>
     <span class='ocr_line' id='line_1_55' title="bbox 789 1539 1430 1582; baseline -0.002 -9"><span class='ocrx_word' id='word_1_301' title='bbox 789 1541 929 1573; x_wconf 68' lang='lat' dir='ltr'><strong>Laert.</strong></span> <span class='ocrx_word' id='word_1_302' title='bbox 957 1541 984 1572; x_wconf 93' lang='lat' dir='ltr'>I.</span> <span class='ocrx_word' id='word_1_303' title='bbox 1000 1540 1056 1573; x_wconf 77' lang='lat'>27.</span> <span class='ocrx_word' id='word_1_304' title='bbox 1073 1539 1264 1573; x_wconf 85' lang='lat' dir='ltr'>Stobaeo</span> <span class='ocrx_word' id='word_1_305' title='bbox 1281 1542 1430 1582; x_wconf 80' lang='lat' dir='ltr'><strong>Eclogg.</strong></span> 
     </span>
     <span class='ocr_line' id='line_1_56' title="bbox 792 1586 1428 1629; baseline -0.003 -9"><span class='ocrx_word' id='word_1_306' title='bbox 792 1589 895 1628; x_wconf 85' lang='lat' dir='ltr'><strong>Phys.</strong></span> <span class='ocrx_word' id='word_1_307' title='bbox 935 1586 977 1617; x_wconf 83' lang='lat' dir='ltr'>T.</span> <span class='ocrx_word' id='word_1_308' title='bbox 1015 1586 1038 1618; x_wconf 92' lang='grc' dir='ltr'>Ι.</span> <span class='ocrx_word' id='word_1_309' title='bbox 1080 1586 1115 1618; x_wconf 88' lang='grc' dir='ltr'>Ρ.</span> <span class='ocrx_word' id='word_1_310' title='bbox 1157 1588 1180 1620; x_wconf 86' lang='lat' dir='ltr'>l.</span> <span class='ocrx_word' id='word_1_311' title='bbox 1217 1598 1248 1629; x_wconf 88' lang='lat' dir='ltr'>p.</span> <span class='ocrx_word' id='word_1_312' title='bbox 1282 1588 1337 1622; x_wconf 82' lang='lat'>56.</span> <span class='ocrx_word' id='word_1_313' title='bbox 1374 1589 1428 1619; x_wconf 87' lang='lat' dir='ltr'>ed.</span> 
     </span>
     <span class='ocr_line' id='line_1_57' title="bbox 790 1633 1431 1676; baseline -0.002 -10"><span class='ocrx_word' id='word_1_314' title='bbox 790 1636 894 1666; x_wconf 84' lang='lat' dir='ltr'>Heer.</span> <span class='ocrx_word' id='word_1_315' title='bbox 921 1633 983 1664; x_wconf 88' lang='lat' dir='ltr'>sed</span> <span class='ocrx_word' id='word_1_316' title='bbox 1012 1633 1082 1663; x_wconf 82' lang='lat' dir='ltr'>alio</span> <span class='ocrx_word' id='word_1_317' title='bbox 1111 1642 1217 1666; x_wconf 88' lang='lat' dir='ltr'>sensu</span> <span class='ocrx_word' id='word_1_318' title='bbox 1247 1639 1353 1676; x_wconf 87' lang='lat' dir='ltr'>atque</span> <span class='ocrx_word' id='word_1_319' title='bbox 1375 1635 1431 1665; x_wconf 81' lang='lat' dir='ltr'>hic</span> 
     </span>
     <span class='ocr_line' id='line_1_58' title="bbox 789 1678 1429 1721; baseline -0.005 -8"><span class='ocrx_word' id='word_1_320' title='bbox 789 1692 810 1713; x_wconf 88' lang='lat' dir='ltr'>a</span> <span class='ocrx_word' id='word_1_321' title='bbox 836 1680 985 1711; x_wconf 77' lang='lat' dir='ltr'>Platone</span> <span class='ocrx_word' id='word_1_322' title='bbox 1010 1678 1158 1718; x_wconf 75' lang='lat' dir='ltr'>factum3</span> <span class='ocrx_word' id='word_1_323' title='bbox 1188 1681 1230 1711; x_wconf 89' lang='lat' dir='ltr'>de</span> <span class='ocrx_word' id='word_1_324' title='bbox 1256 1691 1324 1721; x_wconf 86' lang='lat' dir='ltr'>qua</span> <span class='ocrx_word' id='word_1_325' title='bbox 1346 1690 1381 1711; x_wconf 87' lang='lat' dir='ltr'>re</span> <span class='ocrx_word' id='word_1_326' title='bbox 1398 1692 1429 1711; x_wconf 81' lang='lat' dir='ltr'>v.</span> 
     </span>
     <span class='ocr_line' id='line_1_59' title="bbox 790 1725 1431 1768; baseline -0.002 -9"><span class='ocrx_word' id='word_1_327' title='bbox 790 1725 1024 1759; x_wconf 86' lang='lat' dir='ltr'>Reinhold.</span> <span class='ocrx_word' id='word_1_328' title='bbox 1059 1725 1192 1758; x_wconf 83' lang='lat' dir='ltr'>Histor.</span> <span class='ocrx_word' id='word_1_329' title='bbox 1222 1727 1431 1768; x_wconf 83' lang='lat' dir='ltr'>Philosoph.</span> 
     </span>
     <span class='ocr_line' id='line_1_60' title="bbox 794 1771 1066 1812; baseline -0.011 -7"><span class='ocrx_word' id='word_1_330' title='bbox 794 1773 862 1805; x_wconf 88' lang='lat' dir='ltr'>Vol</span> <span class='ocrx_word' id='word_1_331' title='bbox 903 1773 925 1804; x_wconf 87' lang='lat' dir='ltr'>l.</span> <span class='ocrx_word' id='word_1_332' title='bbox 953 1782 984 1812; x_wconf 87' lang='lat' dir='ltr'><strong>p.</strong></span> <span class='ocrx_word' id='word_1_333' title='bbox 1011 1771 1066 1805; x_wconf 86' lang='lat'>10.</span> 
     </span>
    </p>

    <p class='ocr_par' dir='ltr' id='par_1_18' title="bbox 793 1815 1430 1904">
     <span class='ocr_line' id='line_1_61' title="bbox 838 1815 1430 1859; baseline -0.005 -8"><span class='ocrx_word' id='word_1_334' title='bbox 838 1818 878 1851; x_wconf 90' lang='lat' dir='ltr'>C.</span> <span class='ocrx_word' id='word_1_335' title='bbox 927 1815 1130 1849; x_wconf 75' lang='grc' dir='ltr'><em>εἰπόντες</em></span> <span class='ocrx_word' id='word_1_336' title='bbox 1156 1815 1309 1859; x_wconf 71' lang='grc' dir='ltr'><em>ὄρους]</em></span> <span class='ocrx_word' id='word_1_337' title='bbox 1338 1818 1381 1849; x_wconf 91' lang='grc' dir='ltr'>Η.</span> <span class='ocrx_word' id='word_1_338' title='bbox 1401 1827 1430 1849; x_wconf 85' lang='lat' dir='ltr'>e.</span> 
     </span>
     <span class='ocr_line' id='line_1_62' title="bbox 793 1862 1080 1904; baseline -0.007 -8"><span class='ocrx_word' id='word_1_339' title='bbox 793 1862 902 1904; x_wconf 77' lang='grc' dir='ltr'><em>ὅρους</em></span> <span class='ocrx_word' id='word_1_340' title='bbox 927 1864 1080 1902; x_wconf 77' lang='grc' dir='ltr'><em>θέμενοι.</em></span> 
     </span>
    </p>

    <p class='ocr_par' dir='ltr' id='par_1_19' title="bbox 792 1907 1439 2694">
     <span class='ocr_line' id='line_1_63' title="bbox 839 1907 1431 1948; baseline -0.003 -6"><span class='ocrx_word' id='word_1_341' title='bbox 839 1908 977 1942; x_wconf 81' lang='grc' dir='ltr'><em>ὁπόσα</em></span> <span class='ocrx_word' id='word_1_342' title='bbox 1008 1908 1171 1941; x_wconf 82' lang='grc' dir='ltr'><em>τούτων</em></span> <span class='ocrx_word' id='word_1_343' title='bbox 1203 1907 1431 1948; x_wconf 76' lang='grc' dir='ltr'><em>ξυνεπόμε-</em></span> 
     </span>
     <span class='ocr_line' id='line_1_64' title="bbox 795 1956 1433 2000; baseline -0.002 -13"><span class='ocrx_word' id='word_1_344' title='bbox 795 1957 853 2000; x_wconf 78' lang='grc' dir='ltr'><em>να]</em></span> <span class='ocrx_word' id='word_1_345' title='bbox 884 1958 979 1988; x_wconf 86' lang='lat' dir='ltr'>Haec</span> <span class='ocrx_word' id='word_1_346' title='bbox 995 1957 1121 1988; x_wconf 83' lang='lat' dir='ltr'>afferre</span> <span class='ocrx_word' id='word_1_347' title='bbox 1139 1956 1349 1987; x_wconf 79' lang='lat' dir='ltr'>debebamus</span> <span class='ocrx_word' id='word_1_348' title='bbox 1367 1956 1433 1986; x_wconf 81' lang='lat' dir='ltr'>Po-</span> 
     </span>
     <span class='ocr_line' id='line_1_65' title="bbox 795 1999 1434 2044; baseline -0.003 -10"><span class='ocrx_word' id='word_1_349' title='bbox 795 2005 877 2036; x_wconf 82' lang='lat' dir='ltr'><strong>litio.</strong></span> <span class='ocrx_word' id='word_1_350' title='bbox 905 2014 937 2044; x_wconf 89' lang='lat' dir='ltr'>p.</span> <span class='ocrx_word' id='word_1_351' title='bbox 964 2003 1042 2036; x_wconf 82' lang='grc'><strong>271.</strong></span> <span class='ocrx_word' id='word_1_352' title='bbox 1069 2002 1110 2033; x_wconf 88' lang='grc' dir='ltr'>Ε.</span> <span class='ocrx_word' id='word_1_353' title='bbox 1143 1999 1209 2033; x_wconf 88' lang='grc' dir='ltr'>ὅσα</span> <span class='ocrx_word' id='word_1_354' title='bbox 1235 2002 1293 2043; x_wconf 75' lang='grc' dir='ltr'>τῆς</span> <span class='ocrx_word' id='word_1_355' title='bbox 1320 1999 1434 2032; x_wconf 71' lang='grc' dir='ltr'><em>τοιαύ-</em></span> 
     </span>
     <span class='ocr_line' id='line_1_66' title="bbox 796 2045 1432 2091; baseline -0.005 -10"><span class='ocrx_word' id='word_1_356' title='bbox 796 2058 855 2091; x_wconf 74' lang='grc' dir='ltr'>της</span> <span class='ocrx_word' id='word_1_357' title='bbox 879 2048 947 2080; x_wconf 79' lang='grc' dir='ltr'><em>ἐστὶ</em></span> <span class='ocrx_word' id='word_1_358' title='bbox 967 2046 1253 2089; x_wconf 73' lang='grc' dir='ltr'><em>κατακοσμήσεως</em></span> <span class='ocrx_word' id='word_1_359' title='bbox 1271 2045 1432 2087; x_wconf 78' lang='grc' dir='ltr'><em>ἑπόμενα.</em></span> 
     </span>
     <span class='ocr_line' id='line_1_67' title="bbox 796 2093 1435 2136; baseline -0.005 -9"><span class='ocrx_word' id='word_1_360' title='bbox 796 2097 856 2128; x_wconf 85' lang='lat' dir='ltr'>ubi</span> <span class='ocrx_word' id='word_1_361' title='bbox 882 2106 953 2127; x_wconf 91' lang='lat' dir='ltr'>non</span> <span class='ocrx_word' id='word_1_362' title='bbox 973 2096 1085 2136; x_wconf 87' lang='lat' dir='ltr'>magis</span> <span class='ocrx_word' id='word_1_363' title='bbox 1103 2105 1205 2136; x_wconf 85' lang='lat' dir='ltr'>quam</span> <span class='ocrx_word' id='word_1_364' title='bbox 1222 2095 1279 2126; x_wconf 83' lang='lat' dir='ltr'>hio</span> <span class='ocrx_word' id='word_1_365' title='bbox 1294 2093 1435 2134; x_wconf 77' lang='grc' dir='ltr'><em>ἐχόμενα</em></span> 
     </span>
     <span class='ocr_line' id='line_1_68' title="bbox 795 2140 1433 2182; baseline -0.003 -8"><span class='ocrx_word' id='word_1_366' title='bbox 795 2143 1031 2174; x_wconf 80' lang='lat' dir='ltr'>scribendum.</span> <span class='ocrx_word' id='word_1_367' title='bbox 1058 2142 1107 2173; x_wconf 84' lang='lat' dir='ltr'>De</span> <span class='ocrx_word' id='word_1_368' title='bbox 1127 2141 1210 2182; x_wconf 84' lang='lat' dir='ltr'><strong>Rep.</strong></span> <span class='ocrx_word' id='word_1_369' title='bbox 1230 2141 1287 2172; x_wconf 88' lang='lat' dir='ltr'>Vl.</span> <span class='ocrx_word' id='word_1_370' title='bbox 1305 2151 1337 2182; x_wconf 90' lang='lat' dir='ltr'>p.</span> <span class='ocrx_word' id='word_1_371' title='bbox 1355 2140 1433 2175; x_wconf 82' lang='lat'><strong>504.</strong></span> 
     </span>
     <span class='ocr_line' id='line_1_69' title="bbox 794 2187 1434 2228; baseline -0.003 -8"><span class='ocrx_word' id='word_1_372' title='bbox 794 2189 835 2220; x_wconf 91' lang='lat' dir='ltr'>B.</span> <span class='ocrx_word' id='word_1_373' title='bbox 862 2199 927 2219; x_wconf 80' lang='grc' dir='ltr'>των</span> <span class='ocrx_word' id='word_1_374' title='bbox 953 2189 1066 2228; x_wconf 59' lang='grc' dir='ltr'><em>μέντοι</em></span> <span class='ocrx_word' id='word_1_375' title='bbox 1092 2187 1292 2228; x_wconf 70' lang='grc' dir='ltr'><em>ἔμπροσθεν</em></span> <span class='ocrx_word' id='word_1_376' title='bbox 1318 2197 1434 2227; x_wconf 57' lang='lat'>7190&amp;-</span> 
     </span>
     <span class='ocr_line' id='line_1_70' title="bbox 795 2229 1434 2277; baseline -0.003 -11"><span class='ocrx_word' id='word_1_377' title='bbox 795 2234 949 2277; x_wconf 78' lang='grc' dir='ltr'>ρημέιωι·</span> <span class='ocrx_word' id='word_1_378' title='bbox 1004 2233 1173 2272; x_wconf 80' lang='grc' dir='ltr'>ἐπομὲιας</span> <span class='ocrx_word' id='word_1_379' title='bbox 1232 2229 1434 2273; x_wconf 67' lang='grc' dir='ltr'>αποδείξεις.</span> 
     </span>
     <span class='ocr_line' id='line_1_71' title="bbox 793 2276 1435 2321; baseline -0.005 -8"><span class='ocrx_word' id='word_1_380' title='bbox 793 2282 885 2313; x_wconf 91' lang='lat' dir='ltr'>Dein</span> <span class='ocrx_word' id='word_1_381' title='bbox 922 2279 1035 2312; x_wconf 76' lang='grc' dir='ltr'><em>θεοὺς</em></span> <span class='ocrx_word' id='word_1_382' title='bbox 1071 2276 1266 2321; x_wconf 80' lang='grc' dir='ltr'><em>ἡγούμενον</em></span> <span class='ocrx_word' id='word_1_383' title='bbox 1306 2280 1435 2311; x_wconf 86' lang='lat' dir='ltr'>dicitur</span> 
     </span>
     <span class='ocr_line' id='line_1_72' title="bbox 792 2325 1435 2379; baseline -0.002 -21"><span class='ocrx_word' id='word_1_384' title='bbox 792 2333 831 2358; x_wconf 83' lang='lat' dir='ltr'>ut</span> <span class='ocrx_word' id='word_1_385' title='bbox 845 2325 956 2359; x_wconf 72' lang='grc' dir='ltr'><em>θεοὺς</em></span> <span class='ocrx_word' id='word_1_386' title='bbox 971 2327 1128 2366; x_wconf 75' lang='grc' dir='ltr'><em>ιομίζειν.</em></span> <span class='ocrx_word' id='word_1_387' title='bbox 1163 2327 1315 2379; x_wconf 83' lang='lat' dir='ltr'><strong>Apolog.</strong></span> <span class='ocrx_word' id='word_1_388' title='bbox 1335 2325 1435 2357; x_wconf 83' lang='lat' dir='ltr'>Socr-</span> 
     </span>
     <span class='ocr_line' id='line_1_73' title="bbox 792 2368 1436 2425; baseline -0.003 -21"><span class='ocrx_word' id='word_1_389' title='bbox 792 2385 825 2415; x_wconf 91' lang='lat' dir='ltr'>p.</span> <span class='ocrx_word' id='word_1_390' title='bbox 853 2374 909 2408; x_wconf 80' lang='lat'>27.</span> <span class='ocrx_word' id='word_1_391' title='bbox 943 2374 986 2404; x_wconf 94' lang='lat' dir='ltr'>D.</span> <span class='ocrx_word' id='word_1_392' title='bbox 1014 2370 1127 2403; x_wconf 73' lang='grc' dir='ltr'><em>θεουε·</em></span> <span class='ocrx_word' id='word_1_393' title='bbox 1153 2382 1214 2425; x_wconf 85' lang='grc' dir='ltr'>ουχ</span> <span class='ocrx_word' id='word_1_394' title='bbox 1241 2368 1436 2424; x_wconf 67' lang='grc' dir='ltr'><em>ἡγούμενόν</em></span> 
     </span>
     <span class='ocr_line' id='line_1_74' title="bbox 794 2412 1433 2460; baseline -0.005 -9"><span class='ocrx_word' id='word_1_395' title='bbox 794 2417 902 2460; x_wconf 83' lang='grc' dir='ltr'><em>φάναι</em></span> <span class='ocrx_word' id='word_1_396' title='bbox 926 2430 965 2458; x_wconf 84' lang='grc' dir='ltr'>με</span> <span class='ocrx_word' id='word_1_397' title='bbox 991 2416 1104 2450; x_wconf 75' lang='grc' dir='ltr'><em>θεοὺς</em></span> <span class='ocrx_word' id='word_1_398' title='bbox 1129 2412 1175 2449; x_wconf 80' lang='grc' dir='ltr'>αὖ</span> <span class='ocrx_word' id='word_1_399' title='bbox 1193 2415 1353 2460; x_wconf 67' lang='grc' dir='ltr'><em>ἡγεῖσθαι</em></span> <span class='ocrx_word' id='word_1_400' title='bbox 1371 2416 1433 2449; x_wconf 82' lang='grc' dir='ltr'>πά</span> 
     </span>
     <span class='ocr_line' id='line_1_75' title="bbox 793 2463 1435 2506; baseline -0.003 -10"><span class='ocrx_word' id='word_1_401' title='bbox 793 2467 853 2498; x_wconf 73' lang='grc' dir='ltr'>λιι.</span> <span class='ocrx_word' id='word_1_402' title='bbox 904 2465 1037 2506; x_wconf 82' lang='lat' dir='ltr'><strong>Cratyl.</strong></span> <span class='ocrx_word' id='word_1_403' title='bbox 1064 2476 1096 2506; x_wconf 91' lang='lat' dir='ltr'><strong>p</strong></span> <span class='ocrx_word' id='word_1_404' title='bbox 1117 2463 1196 2498; x_wconf 84' lang='lat'>397</span> <span class='ocrx_word' id='word_1_405' title='bbox 1223 2464 1262 2496; x_wconf 89' lang='lat' dir='ltr'>C.</span> <span class='ocrx_word' id='word_1_406' title='bbox 1291 2465 1435 2504; x_wconf 81' lang='grc' dir='ltr'><em>φαίνον-</em></span> 
     </span>
     <span class='ocr_line' id='line_1_76' title="bbox 798 2506 1434 2552; baseline -0.003 -8"><span class='ocrx_word' id='word_1_407' title='bbox 798 2514 852 2544; x_wconf 84' lang='grc' dir='ltr'>ταί</span> <span class='ocrx_word' id='word_1_408' title='bbox 883 2523 940 2551; x_wconf 85' lang='grc' dir='ltr'>μοι</span> <span class='ocrx_word' id='word_1_409' title='bbox 973 2511 1009 2543; x_wconf 84' lang='grc' dir='ltr'>οἱ</span> <span class='ocrx_word' id='word_1_410' title='bbox 1037 2511 1165 2551; x_wconf 73' lang='grc' dir='ltr'><em>πρῶτοι</em></span> <span class='ocrx_word' id='word_1_411' title='bbox 1199 2514 1266 2542; x_wconf 79' lang='grc' dir='ltr'><em>τών</em></span> <span class='ocrx_word' id='word_1_412' title='bbox 1295 2506 1434 2552; x_wconf 79' lang='grc' dir='ltr'><em>ανθρω-</em></span> 
     </span>
     <span class='ocr_line' id='line_1_77' title="bbox 797 2554 1439 2595; baseline -0.002 -6"><span class='ocrx_word' id='word_1_413' title='bbox 797 2569 872 2590; x_wconf 85' lang='grc' dir='ltr'>πων</span> <span class='ocrx_word' id='word_1_414' title='bbox 904 2577 945 2581; x_wconf 81' lang='lat'>--</span> <span class='ocrx_word' id='word_1_415' title='bbox 977 2555 1124 2589; x_wconf 75' lang='grc' dir='ltr'><em>τούτους</em></span> <span class='ocrx_word' id='word_1_416' title='bbox 1158 2554 1291 2595; x_wconf 75' lang='grc' dir='ltr'><em>μόνους</em></span> <span class='ocrx_word' id='word_1_417' title='bbox 1325 2555 1439 2589; x_wconf 66' lang='grc' dir='ltr'><em>θεοὺς</em></span> 
     </span>
     <span class='ocr_line' id='line_1_78' title="bbox 798 2601 1438 2647; baseline -0.005 -11"><span class='ocrx_word' id='word_1_418' title='bbox 798 2602 969 2647; x_wconf 79' lang='grc' dir='ltr'><em>ηγεῖσθαι.</em></span> <span class='ocrx_word' id='word_1_419' title='bbox 1018 2604 1105 2635; x_wconf 80' lang='lat' dir='ltr'>Mox</span> <span class='ocrx_word' id='word_1_420' title='bbox 1128 2603 1209 2637; x_wconf 86' lang='lat'><strong>899.</strong></span> <span class='ocrx_word' id='word_1_421' title='bbox 1238 2604 1276 2637; x_wconf 80' lang='grc' dir='ltr'>Ι).</span> <span class='ocrx_word' id='word_1_422' title='bbox 1305 2601 1355 2635; x_wconf 83' lang='grc' dir='ltr'>ὅτι</span> <span class='ocrx_word' id='word_1_423' title='bbox 1379 2602 1438 2643; x_wconf 78' lang='grc' dir='ltr'>μὲν</span> 
     </span>
     <span class='ocr_line' id='line_1_79' title="bbox 799 2647 1255 2694; baseline -0.005 -11"><span class='ocrx_word' id='word_1_424' title='bbox 799 2654 874 2694; x_wconf 82' lang='grc' dir='ltr'>ηγεῖ</span> <span class='ocrx_word' id='word_1_425' title='bbox 899 2647 1021 2682; x_wconf 73' lang='grc' dir='ltr'>θεούς.</span> <span class='ocrx_word' id='word_1_426' title='bbox 1048 2661 1080 2692; x_wconf 89' lang='lat' dir='ltr'>p.</span> <span class='ocrx_word' id='word_1_427' title='bbox 1107 2649 1186 2684; x_wconf 87' lang='lat'><strong>900.</strong></span> <span class='ocrx_word' id='word_1_428' title='bbox 1217 2649 1255 2681; x_wconf 89' lang='grc' dir='ltr'>Β.</span> 
     </span>
    </p>

    <p class='ocr_par' dir='ltr' id='par_1_20' title="bbox 799 2693 1439 2785">
     <span class='ocr_line' id='line_1_80' title="bbox 843 2693 1439 2738; baseline -0.005 -10"><span class='ocrx_word' id='word_1_429' title='bbox 843 2697 928 2738; x_wconf 88' lang='lat' dir='ltr'>Cap</span> <span class='ocrx_word' id='word_1_430' title='bbox 956 2696 1001 2727; x_wconf 90' lang='lat' dir='ltr'>X.</span> <span class='ocrx_word' id='word_1_431' title='bbox 1041 2697 1080 2728; x_wconf 89' lang='lat' dir='ltr'>D.</span> <span class='ocrx_word' id='word_1_432' title='bbox 1147 2693 1331 2728; x_wconf 79' lang='grc' dir='ltr'><em>Τούτοις</em></span> <span class='ocrx_word' id='word_1_433' title='bbox 1367 2695 1439 2733; x_wconf 80' lang='grc' dir='ltr'>μὲι</span> 
     </span>
     <span class='ocr_line' id='line_1_81' title="bbox 799 2739 1439 2785; baseline -0.002 -11"><span class='ocrx_word' id='word_1_434' title='bbox 799 2744 944 2774; x_wconf 71' lang='grc' dir='ltr'><em>τοίνυν</em></span> <span class='ocrx_word' id='word_1_435' title='bbox 971 2739 1067 2785; x_wconf 76' lang='grc' dir='ltr'><em>ἡμῖν</em></span> <span class='ocrx_word' id='word_1_436' title='bbox 1097 2741 1149 2784; x_wconf 35' lang='grc' dir='ltr'>ἡ]</span> <span class='ocrx_word' id='word_1_437' title='bbox 1183 2743 1323 2774; x_wconf 84' lang='lat' dir='ltr'>Laudat</span> <span class='ocrx_word' id='word_1_438' title='bbox 1347 2743 1439 2774; x_wconf 80' lang='lat' dir='ltr'>hunc</span> 
     </span>
    </p>
   </div>
   <div class='ocr_carea' id='block_1_16' title="bbox 1462 585 1500 625">
    <p class='ocr_par' dir='ltr' id='par_1_21' title="bbox 1462 585 1500 625">
     <span class='ocr_line' id='line_1_82' title="bbox 1462 585 1500 625; baseline -0.132 0"><span class='ocrx_word' id='word_1_439' title='bbox 1462 585 1500 625; x_wconf 80' lang='lat' dir='ltr'>I)</span> 
     </span>
    </p>
   </div>
  </div>
 </body>
</html>
