1781 2971
319 128 399 170 ‘212

793 125 1170 168 PLATONIS

319 239 483 298 ἀρετήν
520 246 565 283 ἐν
606 242 764 291 αυτὰῑς
801 235 964 292 οὖσαν,
1001 241 1169 294 πολλὴν
1206 244 1249 283 δὲ
1287 245 1465 292 κακίαν,
1505 240 1667 284 ἀνώλε-

320 309 442 363 θρον
479 309 523 350 δὲ
552 304 604 350 ὃν
640 309 893 362 γενόμενον,
931 307 1028 350 ἀλλ’
1071 308 1152 351 οὐκ
1187 306 1384 356 αἰώνιον,
1421 308 1568 366 ψυχὴν
1598 311 1670 350 καὶ

320 375 466 427 σῶμα,
504 372 717 429 καθάπερ
757 379 797 416 οὶ
834 373 947 417 κατὰ
986 376 1124 429 νόμον
1160 372 1284 424 ὄντες
1317 377 1420 416 θεοί
1455 400 1520 406 ——-
1556 378 1670 427 γένε-

257 444 294 485 Β
325 453 390 488 σις
425 437 511 494 γὰρ
551 439 631 483 οὐκ
667 439 726 482 ἄν
763 457 868 484 ποτε
902 435 960 492 ἦν
1005 440 1124 494 ζώων
1167 441 1451 495 ἀπολομένου
1488 440 1670 484 τούτοιν

320 507 523 561 θατέρου
561 531 618 538 -—
657 509 729 549 καὶ
766 506 814 551 τὸ
852 510 932 566 μὲν
969 507 1153 567 ὠφελεῖν
1188 507 1257 551 ἀεὶ
1296 505 1510 566 πεφυκός,
1562 507 1671 550 ὅσον

413 659 498 693 οὐκ
521 661 570 694 ἄν
597 672 695 694 ποτε
727 657 794 704 ἦν]
823 657 856 703 ηἰ
883 664 926 693 Α.
959 672 987 695 v,
1014 668 1047 694 et
1074 671 1122 703 pr.
1154 660 1193 697 Ω,
1221 672 1326 703 marg.
1355 673 1383 694 a.
1416 660 1533 706 *Unde
1567 654 1588 700 η’
1617 670 1667 692 re-

320 709 427 749 fingas
454 718 516 750 pro
543 703 585 750 ἦν
610 710 772 749 usurpari
798 709 947 740 solitum.

417 753 455 787 Β,
506 752 680 786 τούτοιν
705 753 922 796 θατέρου]
949 753 1116 794 θατέροιν
1145 763 1193 795 pr.
1226 759 1262 785 A.

326 886 377 907 ται
401 875 461 916 τῆς
477 872 729 917 σμικρολογίας.
757 875 961 918 Sophoel.

325 922 447 961 Antig.
487 931 520 951 V·
555 921 659 956 1194.
694 919 818 953 ἀθλίας
851 919 963 962 ἄσημα

325 966 427 1008 βοῆς.
496 966 586 998 Ibid.
624 979 655 1002 v.
692 967 792 1002 1251.
832 965 964 1007 ἄνολβα

326 1010 584 1053 βουλευμάτων.
610 1014 655 1046 al.

374 1058 412 1092 P.
445 1057 524 1091 904.
578 1057 794 1099 ἐμψύχους
830 1056 963 1089 οὔσας

328 1101 397 1136 τὰς
428 1101 629 1147 πράξεις]
679 1105 726 1137 Η.
759 1115 789 1138 e.
823 1103 962 1136 animo

326 1149 584 1183 coniunctas
612 1161 639 1182 s.
667 1150 839 1183 inanimo
866 1154 964 1181 natas

326 1202 361 1228 et
402 1195 483 1228 iude
523 1196 686 1229 oriundas
725 1206 822 1235 esse3
873 1194 965 1227 unde

326 1240 481 1274 additur:
519 1243 573 1274 καὶ
606 1240 733 1284 πολλὴν
757 1241 817 1282 μὲν
841 1237 965 1284 ἀρετήν

328 1298 357 1320 κ.
385 1298 411 1319 τ.
439 1289 466 1320 λ.

374 1329 634 1375 ἀνώλεθρον
670 1331 712 1365 δὲ
759 1329 806 1364 ὂν
838 1330 964 1373 γενό-

327 1390 457 1418 μενον
493 1380 564 1422 -]
623 1378 728 1414 Quod
764 1389 890 1421 corpus
931 1382 965 1410 et

327 1427 464 1458 animus
504 1423 652 1457 hominis
693 1425 820 1457 dicitur
859 1420 964 1456 ἀνιό-

329 1471 458 1514 λεθρον
489 1470 560 1511 μέν,
593 1467 660 1502 ἀλλ’
685 1467 750 1503 οὐκ
773 1467 914 1503 αἰώνιόν
939 1481 967 1502 τι

329 1527 421 1558 esse,
459 1517 610 1559 pertinet
643 1516 708 1549 hoc
747 1518 820 1550 sine
858 1515 967 1549 dubio

329 1573 392 1605 eo,
418 1562 510 1604 quod
544 1563 594 1595 vis
627 1567 662 1595 et
685 1567 811 1596 natura
835 1563 967 1595 utrius-

328 1619 409 1651 que,
433 1610 593 1650 quianon
615 1614 669 1640 est
685 1613 864 1648 constans,
890 1618 966 1651 per·

329 1659 435 1697 petua
468 1659 503 1687 et
534 1655 761 1696 sempiterna,
799 1653 860 1688 sed
905 1653 967 1686 ob-

329 1701 432 1734 noxia
499 1701 771 1741 mutationibus,
844 1697 966 1734 αι’ώιος

329 1745 476 1779 iudicari
512 1756 582 1779 non
612 1750 749 1787 potest3
785 1745 848 1778 sed
883 1755 969 1787 quo-

330 1793 419 1825 niam
454 1796 636 1831 neutrum,
662 1801 726 1824 nec
754 1801 880 1834 corpus
905 1800 970 1823 nec

329 1838 477 1877 animus,
506 1847 657 1879 unquam
683 1847 826 1879 prorsus
851 1837 970 1870 interit

331 1888 392 1917 aut
417 1884 643 1925 extinguitur,
669 1893 712 1915 ac
725 1887 879 1915 mutatur
893 1886 967 1914 tan-

331 1934 416 1970 tum,
442 1929 486 1962 ita
512 1930 602 1961 utin
626 1928 751 1961 infinita
774 1929 965 1962 mutatione

331 1980 447 2008 tamen
487 1985 595 2016 nsque
635 1978 775 2008 maneat
813 1985 853 2007 ac
887 1983 964 2015 per-

333 2020 453 2061 duret,
500 2020 594 2054 idem
637 2022 762 2053 merito
805 2024 968 2053 censetur

332 2063 545 2109 ἀνώλεθρον.
573 2067 696 2107 Itaque
709 2077 749 2099 ea
765 2070 818 2099 est
831 2065 967 2099 humani

330 2113 468 2155 generis
499 2116 621 2145 natura
653 2115 689 2144 et
719 2111 895 2152 conditio,
931 2114 969 2142 nt

331 2168 438 2200 quum
469 2157 503 2190 in
538 2160 746 2200 perpetuum
777 2158 873 2190 vivat
904 2166 969 2188 nec

331 2213 480 2245 unquam
518 2204 682 2243 intereat,
730 2207 845 2236 tamen
884 2212 970 2244 quo-

331 2252 420 2283 niam
447 2259 490 2282 ne
513 2249 616 2283 animi
640 2247 781 2290 quidem
807 2248 851 2281 ab
877 2247 972 2281 omni

332 2295 555 2328 concretione
589 2294 687 2327 liberi
717 2299 816 2333 sunt,
854 2294 967 2326 neuti-

331 2351 431 2384 quam
469 2342 525 2374 sui
568 2342 761 2374 constantia
803 2339 969 2382 gaudeat,

331 2397 399 2430 qua
423 2388 468 2420 ab
495 2386 697 2419 mutationis
732 2385 969 2420 vicissitudine

332 2435 475 2466 omn'no
492 2433 639 2465 liberum
664 2432 720 2464 sit.
746 2434 865 2474 Atque
891 2431 967 2464 hinc

332 2479 382 2520 fit,
409 2483 446 2510 ut
471 2478 606 2511 animus
631 2483 735 2520 atque
760 2487 886 2519 corpus
912 2480 965 2508 ut-

333 2528 416 2565 pote
458 2524 659 2556 mutationis
706 2525 877 2566 particeps
927 2521 967 2554 ad

333 2570 471 2602 virtutis
498 2569 634 2602 laudem
649 2571 779 2612 pariter
802 2573 905 2610 atque
925 2567 968 2601 ad

336 2615 494 2648 vitiorum
524 2615 770 2656 turpitudinem
797 2613 970 2654 faciat‚de

334 2671 401 2703 qua
427 2661 458 2693 in
485 2661 651 2702 proximis
669 2662 869 2704 explicatur.
901 2659 968 2693 Lu·

333 2716 408 2741 cem
440 2706 494 2739 his
525 2707 686 2740 omnibns
723 2706 868 2740 afferent
904 2705 970 2738 loci

1032 875 1121 908 Tim.
1156 886 1187 917 p.
1221 875 1278 908 41.
1315 878 1353 906 Α.
1381 885 1453 916 sqq.
1488 883 1520 915 p.
1547 873 1602 907 69.
1630 870 1668 903 C.

1033 920 1073 952 D.
1109 930 1142 962 p.
1174 921 1230 954 72.
1261 921 1300 952 D.
1351 920 1406 952 De
1433 920 1523 961 Rep.
1552 919 1611 950 lV.
1639 928 1669 959 p.

1031 966 1110 1000 439.
1148 965 1186 997 E.
1221 977 1294 1007 sqq.
1346 964 1493 999 leedr.
1525 975 1558 1005 p.
1591 962 1670 997 246.

1035 1012 1074 1043 Β.
1107 1011 1187 1045 253.
1223 1012 1261 1043 D.
1299 1022 1374 1052 sqq.
1409 1010 1467 1042 ubi
1503 1009 1545 1041 de
1569 1009 1673 1041 animi

1033 1058 1208 1090 creatione
1241 1060 1344 1097 atque
1372 1055 1528 1098 partibus
1555 1055 1672 1097 dispu-

1034 1107 1146 1142 tatur3
1187 1102 1230 1135 de
1262 1103 1416 1144 corporis
1448 1107 1564 1133 autem
1596 1111 1671 1143 per·

1036 1149 1207 1190 petuitate
1243 1159 1272 1180 v.
1306 1149 1425 1190 Symp.
1462 1159 1495 1188 p.
1525 1146 1604 1180 206.
1631 1146 1671 1180 E.

1034 1195 1076 1227 C.
1102 1195 1158 1226 ubi
1185 1195 1271 1226 inter
1297 1195 1389 1226 alia:
1429 1194 1483 1224 καὶ
1509 1193 1612 1225 τοῦτο
1638 1191 1674 1224 ἐν

1034 1240 1155 1282 θνητῷ
1187 1239 1259 1272 ὄντι
1304 1240 1349 1282 τῷ
1383 1237 1458 1281 §crito
1495 1237 1674 1271 ἀθάνατον

1035 1287 1173 1324 ἔνεστιν,
1200 1283 1219 1328 ἦ
1245 1284 1364 1327 κύησις
1381 1286 1434 1316 καὶ
1461 1281 1480 1326 ἡ
1503 1285 1672 1327 γέννησις.

1038 1332 1124 1366 ibid.
1161 1343 1193 1373 p.
1236 1332 1314 1366 208.
1366 1331 1406 1363 Ι).
1447 1331 1487 1363 Ε.
1549 1332 1674 1372 Itaque

1035 1377 1119 1411 haec
1150 1377 1290 1419 quidem
1311 1378 1396 1409 satis
1414 1376 1570 1409 videntur
1583 1378 1674 1409 clara

1033 1435 1074 1456 ac
1104 1424 1310 1466 perspicua,
1351 1424 1430 1455 lieet
1467 1423 1578 1455 adhuc
1609 1421 1673 1454 du-

1035 1470 1210 1510 humeris,
1226 1471 1314 1502 sitne
1332 1466 1370 1500 τὸ
1388 1472 1467 1501 ante
1487 1468 1675 1512 γενόμενον

1034 1525 1111 1548 cum
1147 1515 1404 1548 Hermanno
1440 1514 1673 1553 inserendum,

1035 1569 1074 1594 ut
1111 1559 1150 1593 τὸ
1182 1560 1369 1603 γενόμενον
1392 1560 1437 1592 sit
1462 1560 1568 1593 instar
1593 1560 1673 1592 sub-

1035 1608 1130 1642 iecti.
1179 1607 1251 1640 Sed
1277 1608 1353 1649 plus
1375 1605 1587 1639 difficultatis
1612 1606 1675 1637 ha-

1036 1653 1118 1685 bent
1144 1653 1322 1693 proxima:
1371 1650 1528 1693 καθάπερ
1557 1652 1594 1684 οἱ
1616 1663 1673 1683 κα·

1037 1697 1075 1730 τὰ
1101 1697 1210 1738 νόμον
1236 1697 1333 1730 ὄντες
1358 1698 1448 1729 θεοί.
1494 1698 1675 1731 Pertinere

1037 1755 1076 1777 ea
1104 1746 1253 1777 Astins
1280 1749 1401 1777 censet
1426 1744 1467 1776 ad
1493 1743 1674 1777 solumfal·

1037 1788 1153 1822 ω’νιον.
1197 1789 1300 1824 Quod
1326 1790 1490 1822 credibile
1516 1799 1582 1822 non
1609 1794 1674 1830 est,

1036 1836 1314 1878 quandoquidem
1343 1837 1389 1867 ita
1412 1840 1507 1868 certe
1525 1836 1675 1868 scriben-

1037 1882 1121 1915 dum
1148 1881 1229 1922 fuit:
1260 1878 1334 1914 ἀλλ’
1367 1878 1430 1919 οὐ,
1457 1878 1616 1923 καθάπερ
1643 1881 1679 1912 οἱ

1038 1926 1120 1960 κατὰ
1147 1926 1256 1967 ν’όμον
1282 1925 1378 1960 ὄντες
1402 1927 1493 1965 θεοί,
1522 1926 1675 1959 αἰώνιον.

1036 1974 1125 2006 Sunt
1149 1975 1250 2016 igitur
1284 1975 1483 2015 importuno
1517 1975 1595 2006 loco
1624 1974 1674 2005 in-

1036 2021 1183 2052 culcata.
1245 2019 1358 2052 Porro
1403 2029 1481 2052 cnm
1523 2020 1674 2052 Schul-

1037 2065 1206 2098 tllessio
1238 2065 1293 2098 illa
1329 2065 1593 2107 interpretatur:
1628 2065 1674 2097 si·

1038 2112 1128 2143 cuti
1186 2110 1249 2143 dii
1302 2111 1545 2144 secundum
1594 2110 1675 2143 fati

1039 2158 1178 2198 legem
1222 2157 1474 2188 constituti.
1549 2156 1672 2189 Verum

1040 2213 1081 2235 ea
1105 2202 1347 2243 interpretatio
1379 2212 1493 2243 neque
1518 2212 1594 2235 cum
1623 2204 1673 2235 lo-

1039 2247 1167 2289 quendi
1194 2247 1442 2280 consuetudine
1459 2257 1569 2290 neque
1595 2257 1673 2281 cum

1039 2293 1196 2326 Platonis
1244 2293 1376 2325 ratione
1426 2303 1466 2326 ac
1503 2294 1675 2326 sententia

1040 2339 1211 2380 congruit.
1283 2339 1363 2371 Imo
1417 2336 1499 2371 κατὰ
1555 2338 1674 2379 νόμον,

1036 2385 1168 2417 omisso
1199 2383 1363 2424 articulo,
1394 2385 1568 2428 significat
1593 2385 1674 2419 sim-

1036 2430 1172 2473 pliciter
1199 2431 1399 2472 legitime
1424 2432 1475 2464 vel
1501 2432 1672 2472 vulgari

1035 2476 1246 2517 opinione.
1304 2476 1483 2510 Quocirca
1520 2476 1557 2508 οί
1592 2475 1673 2509 κατὰ

1038 2520 1147 2561 νόμον
1207 2520 1303 2554 ὄντες
1350 2521 1435 2554 θεοί
1483 2532 1549 2555 uon
1593 2528 1674 2556 sunt

1035 2569 1112 2608 alii,
1143 2578 1243 2609 qnam
1280 2567 1334 2609 qui
1368 2570 1471 2609 vulgo
1507 2573 1674 2601 vocantur

1039 2613 1075 2646 οἱ
1106 2611 1322 2654 νομιζόμενοι
1352 2613 1445 2646 θεοί.
1495 2613 1563 2646 lam
1590 2624 1672 2647 vero

1037 2660 1226 2702 quaeritur,
1253 2659 1330 2701 qnid
1347 2658 1483 2692 tandem
1505 2660 1672 2701 significet

1039 2705 1101 2738 hoc
1135 2711 1194 2738 aut
1224 2715 1404 2746 quamnam
1440 2705 1505 2738 vim
1536 2705 1672 2745 habeat,
