1781 2971
319 166 401 207 36ss

805 162 1184 205 PLATONIS

320 281 413 330 ξιον
459 277 569 321 εἶναι
618 277 696 321 τὸν
741 280 812 320 καὶ
858 276 937 320 τὸν
974 279 1061 319 τῶν
1096 277 1330 333 ἀριστείων
1366 279 1437 321 καὶ
1474 279 1553 330 τῆς
1587 278 1666 334 ἀρ-

317 348 420 400 χῆς·
455 347 525 386 καὶ
559 343 639 387 ἐὰν
674 346 755 399 μὲν
791 342 814 386 ὁ
851 345 1026 402 φεύγων
1062 342 1170 398 ἁλῷ,
1210 347 1434 398 στερέσθω
1472 347 1552 397 τῆς
1575 345 1669 402 {029-

315 414 398 467 χῆς
432 413 505 454 καὶ
544 413 622 453 τοῦ
671 410 821 470 τάφου
865 413 937 452 καὶ
984 411 1072 452 τῶν
1120 410 1267 454 ἄλλων
1316 412 1404 452 τῶν
1445 413 1668 454 δοθεισῶν

319 479 440 532 αὐτῷ
478 480 626 532 τιμῶν,
664 476 742 519 ἐὰν
779 479 823 520 δὲ
858 475 881 519 ὀ
918 475 1085 519 διώκων
1121 476 1180 531 μὴ
1210 476 1438 537 μεταλάβῃ
1470 476 1520 521 τὸ
1557 482 1667 533 πέμ-

320 562 431 588 πτον
467 548 597 599 μέρος
630 546 716 585 τῶν
753 543 938 603 ψήφων,
982 547 1129 584 τινέτω
1167 543 1190 586 ὁ
1225 547 1306 598 μὲν
1351 546 1432 587 τοῦ
1466 548 1669 599 μεγίστου

248 630 286 671 Β
318 610 562 668 τιμήματος
607 612 772 653 δώδεκα
819 610 953 664 μνᾶς,
1001 608 1113 652 ὀκτώ
1165 612 1209 653 δὲ
1252 609 1275 653 ὁ
1324 612 1402 653 τοῦ
1454 614 1670 668 δευτέρου,

320 682 471 736 τρίτου
509 680 554 720 δὲ
585 677 638 729 ἕξ.
678 676 894 729 τετάρτου
931 679 975 718 δὲ
1013 675 1109 719 δύο.

414 743 526 805 Cap.
566 741 648 786 IV.
713 741 1063 797 Ῥαδαμάνθυος
1107 746 1151 785 δὲ
1188 746 1286 797 περὶ
1321 741 1403 795 τὴν
1434 745 1671 797 λεγομένην

410 875 449 906 Ρ.
485 873 565 908 948.
619 872 843 914 μεταλάβῃ
884 872 928 904 τὸ
972 876 1172 913 πέμπτον
1209 872 1269 913 μ.]
1309 873 1388 906 Par.
1427 874 1469 904 A.
1511 871 1669 903 Bekkero

319 926 412 953 teste
443 923 502 961 μὲν
537 924 616 951 ante
649 919 688 950 τὸ
719 919 882 951 insertum
912 919 1027 951 habet.

318 978 348 998 a.
376 978 404 998 c.
430 967 458 998 ὃ.
489 978 518 997 o.
549 970 579 997 et
609 974 698 996 corr.
731 961 768 994 Ω.

320 1062 374 1088 est
399 1056 488 1097 quod
515 1056 592 1096 quis
620 1065 695 1087 cum
726 1054 853 1086 Astio
880 1063 956 1084 eor-

320 1103 409 1143 rigat
433 1101 546 1133 αὕιῶν
576 1104 644 1132 τῶν
669 1099 838 1133 εὐθύνων.
890 1099 958 1130 Eo-

319 1148 396 1179 ‹lem
426 1147 529 1180 modo
562 1147 680 1188 paullo
713 1151 791 1178 ante
819 1156 851 1188 p.
878 1143 956 1179 946.

318 1194 360 1226 Ε.
376 1192 438 1228 τὰς
456 1192 488 1224 δ’
515 1191 672 1227 εὐθύνης
697 1190 748 1223 αὖ
764 1196 839 1222 τῶν
864 1190 958 1222 τού-

319 1252 403 1272 των
428 1237 493 1279 χρὴ
522 1234 674 1268 duodena

365 1283 412 1316 τὸ
463 1288 656 1323 πέμπτον
706 1285 838 1325 μέρος
879 1285 959 1313 τῶν

318 1340 346 1372 ψ
358 1330 411 1371 ήφ
423 1329 489 1372 ων]
517 1328 648 1360 Tenuit
663 1327 888 1369 philosophus
907 1327 958 1359 liic

318 1386 456 1417 quoque
492 1376 647 1407 instituta
686 1373 958 1414 Atheniensium,

318 1421 361 1453 de
387 1423 508 1462 quibus
540 1431 570 1452 v.
606 1420 831 1451 Hermann.
862 1420 957 1452 Anti-

318 1469 456 1509 quitatt.
483 1467 545 1498 Gr.
575 1465 601 1501 δ.
630 1464 707 1499 144.
922 1466 926 1469 ’

364 1513 450 1554 Cap.
477 1513 540 1546 IV.
564 1511 605 1543 B.
636 1508 962 1549 Ῥαδαμάνθυος

318 1557 364 1590 δὲ
388 1559 482 1599 περὶ
509 1556 584 1600 τὴν
609 1558 710 1599 λεγ.]
739 1557 961 1602 Rhadaman-

318 1605 415 1636 thum
440 1605 548 1645 vulgo
568 1607 711 1636 narrant
731 1604 959 1635 iurisiurandi

318 1651 463 1682 abusum
490 1651 633 1682 omnino
663 1649 838 1681 sublatum
859 1650 959 1681 volu-

317 1698 407 1737 isse,
445 1697 595 1738 ideoque
640 1696 880 1736 praecepisse,
921 1700 959 1726 ut

247 1750 250 1754 ’
287 1743 353 1774 ‘in
393 1743 466 1773 vita
505 1742 713 1783 quotidiana
751 1751 852 1771 nemo
890 1742 957 1772 nisi

316 1797 380 1830 per
405 1798 527 1820 canem
552 1787 607 1819 vel
633 1797 695 1828 per
720 1796 876 1818 anserem
903 1787 957 1817 vel

318 1835 423 1866 simili
455 1835 560 1865 modo
596 1834 739 1864 iuraret.
790 1830 856 1869 Qui
882 1833 957 1873 qui-

319 1880 396 1911 dem
425 1881 532 1921 vulgo
558 1880 670 1910 dictus
703 1881 755 1910 est
777 1874 957 1916 Ῥαδαμάν-

318 1925 414 1956 θυος
430 1922 546 1965 ὅρκος.
576 1926 656 1956 Vid.
673 1923 848 1956 Schol.'ad
864 1925 954 1955 Avv.

319 1972 503 2012 Aristoph.
540 1982 572 2002 v.
607 1971 686 2004 524.
716 1969 898 2011 Hesych.
929 1980 957 2003 s.

318 2029 351 2049 v.
383 2014 655 2057 Ῥαθαμάνθυος
687 2013 804 2057 ὅρκος.
837 2017 956 2057 ibique

317 2064 489 2095 Albert.
519 2063 705 2094 Photius
737 2072 763 2093 s.
796 2072 828 2092 v.
858 2061 956 2092 Por-

314 2110 435 2151 phyr.
463 2109 518 2140 De
545 2109 734 2140 abstinent.
762 2107 829 2142 111,
855 2107 874 2147 ξ
901 2107 954 2141 16.

314 2165 348 2196 p.
383 2154 463 2189 250.
496 2155 548 2186 ed.
577 2153 684 2185 Rbo'r.
720 2153 877 2187 Zenob,
911 2154 953 2183 V.

315 2200 370 2235 81.
394 2201 453 2243 qui
476 2200 658 2232 Cratinum
685 2203 719 2231 et
739 2198 953 2230 Sosicratem

314 2251 491 2279 auctorem
504 2250 643 2278 secutus
652 2251 714 2285 est,
726 2249 759 2275 et
773 2254 860 2287 quae
874 2255 954 2276 con-

314 2297 501 2334 gesserunt
526 2292 766 2323 Neumann.
802 2289 952 2331 Specim.

315 2349 431 2371 rerum
463 2338 556 2370 Cret.
579 2347 611 2378 p.
643 2337 700 2372 45,
729 2341 762 2368 et
792 2336 953 2368 Hoeck.

314 2384 370 2417 De
395 2384 500 2416 Creta
526 2384 640 2415 insula
668 2384 747 2415 Vol.
764 2383 809 2416 11.
836 2393 868 2424 p.
887 2381 954 2415 198

315 2441 368 2473 sq.
398 2431 454 2462 Ab
479 2432 544 2462 hac
571 2440 653 2461 vero
673 2430 875 2461 narratione
892 2428 956 2460 ali-

315 2481 482 2518 quantum
508 2477 711 2517 discrepant
736 2484 826 2517 qnae
851 2474 953 2505 Plato

314 2523 382 2553 hoc
407 2523 484 2553 loco
513 2523 669 2562 exponit.
705 2522 741 2553 Is
755 2521 845 2553 euim
861 2520 954 2552 Rha-

316 2568 540 2600 damanthum
566 2572 687 2600 narrat
710 2568 789 2599 lites
817 2571 851 2597 et
872 2576 953 2598 con-

314 2614 506 2646 troversias
533 2623 652 2646 omnes
671 2623 772 2656 quam
790 2613 955 2644 facillime

316 2662 366 2692 ita
392 2659 586 2699 diremisse,
612 2664 648 2691 ut
674 2659 716 2691 ab
734 2659 954 2700 litigantibus

316 2709 478 2748 posceret
507 2705 759 2743 iusiurandum,
797 2714 865 2746 quo
899 2714 954 2736 ac-

317 2757 418 2794 cepto
444 2755 622 2793 protenus,
649 2751 732 2793 quid
760 2761 879 2782 verum
903 2760 955 2781 rc-

1078 917 1168 950 Dein
1203 923 1319 949 τινέτω
1346 917 1377 950 δ’
1406 917 1422 949 ὁ
1451 920 1509 960 μὲν
1535 927 1564 947 v.
1593 916 1614 948 s.
1643 927 1664 948 r.

1028 1057 1190 1093 ctumque
1209 1053 1455 1095 esset,liquido
1473 1056 1668 1094 appareret.

1027 1097 1202 1129 Nimirum
1228 1104 1386 1140 apertum
1403 1109 1478 1130 esse
1495 1104 1670 1139 putamus,

1028 1142 1210 1175 Platonem
1242 1147 1356 1186 ipsum
1381 1145 1471 1176 hanc
1499 1144 1669 1175 narratio-

1028 1199 1107 1221 nem
1138 1201 1202 1231 pro
1237 1191 1386 1223 consilio
1423 1200 1492 1231 suo
1529 1190 1670 1230 excogi-

1028 1237 1172 1276 tavisse,
1199 1246 1266 1277 qua
1293 1237 1432 1278 quidem
1459 1235 1547 1267 nibil
1572 1235 1670 1267 aliud

1025 1282 1151 1314 docere
1178 1283 1302 1322 voluit,
1328 1292 1430 1324 quam
1453 1292 1515 1323 pro
1535 1286 1669 1322 tempo-

1026 1337 1102 1358 rum
1132 1329 1229 1360 varia
1260 1329 1397 1360 ratione
1430 1329 1533 1360 etiam
1565 1329 1669 1359 iuris-

1027 1374 1166 1405 iurandi
1206 1375 1274 1405 vim
1308 1379 1413 1416 atque
1451 1374 1669 1405 sanctitatem

1027 1420 1132 1451 aliam
1160 1422 1328 1452 evasisse.
1387 1420 1553 1451 Pristinis
1578 1420 1670 1451 enim

1027 1466 1254 1506 temporibus,
1273 1466 1400 1508 quibus
1421 1467 1573 1497 maxima
1595 1465 1669 1496 fue·

1027 1512 1075 1542 rit
1093 1511 1271 1543 hominum
1287 1513 1457 1553 probitas,
1471 1512 1668 1551 sinceritas,

1028 1558 1196 1589 sanctitas
1215 1563 1249 1590 et
1266 1558 1404 1598 religio,
1427 1562 1548 1598 utpote
1564 1567 1584 1588 a
1601 1557 1669 1589 diis

1027 1608 1205 1635 recentum
1240 1609 1346 1645 atque
1376 1605 1419 1636 iis
1450 1604 1668 1645 propiorum,

1027 1650 1131 1680 etiam
1163 1650 1405 1681 iusiurandum
1437 1650 1527 1681 adeo
1559 1649 1669 1680 fuisse

1026 1700 1185 1729 sanctum,
1210 1701 1244 1726 et
1267 1695 1494 1734 inviolabile,
1526 1698 1564 1725 ut
1590 1704 1668 1736 per·

1025 1741 1118 1772 iurio
1144 1741 1260 1772 nullus
1286 1748 1430 1783 usquam
1456 1742 1553 1772 loeus
1585 1750 1667 1772 con-

1026 1787 1218 1819 cederetur.
1271 1786 1342 1818 Sed
1373 1787 1443 1818 alia
1474 1796 1550 1818 esse
1581 1791 1667 1818 tem-

1024 1842 1112 1873 pora
1137 1834 1347 1874 praesentia,
1374 1833 1512 1874 quibus,
1531 1833 1668 1864 sublata

1025 1888 1109 1919 erga
1135 1879 1219 1910 deos
1246 1879 1376 1919 pietate
1394 1883 1428 1910 et
1446 1879 1666 1914 verecundia,

1025 1926 1127 1955 etiam
1154 1925 1382 1956 iurisiurandi
1399 1925 1565 1956 sanctitas
1586 1933 1666 1956 eva-

1023 1971 1142 2001 nu'erit
1181 1971 1340 2012 adeoque
1371 1971 1578 2002 creberrime
1607 1979 1666 2011 pe-

1023 2016 1127 2048 ierari
1154 2017 1275 2048 soleat.
1326 2017 1445 2058 ltaque
1476 2016 1666 2057 opponitur

1022 2072 1043 2094 a
1056 2063 1267 2103 philosopho
1280 2063 1474 2103 priscorum
1486 2062 1666 2093 hominnm

1021 2109 1134 2149 pietas
1175 2113 1208 2138 et
1246 2109 1374 2149 religio
1406 2108 1576 2148 impietati
1610 2107 1664 2138 illi

1022 2159 1128 2195 atque
1155 2163 1269 2184 rerum
1291 2154 1488 2185 divinarum
1511 2157 1663 2184 contem-

1022 2201 1123 2237 tioni,
1150 2209 1239 2240 quae
1265 2205 1406 2240 postera
1432 2203 1546 2230 aetate
1573 2199 1664 2230 inter

1022 2245 1181 2276 homines
1206 2245 1359 2285 grassari
1387 2245 1583 2285 occeperit,
1614 2245 1664 2276 ita

1023 2291 1173 2332 quidem,
1198 2295 1236 2320 ut
1260 2291 1321 2321 illa
1345 2291 1502 2332 exemplo
1535 2290 1665 2331 aequa-⁷

1021 2337 1106 2367 lium
1155 2335 1414 2368 Rhadamanthi
1465 2336 1663 2368 declaretur

1022 2387 1127 2423 atque
1141 2382 1344 2413 illustretur.
1374 2382 1564 2423 Eleganter
1576 2381 1662 2414 haec

1021 2429 1070 2459 ita
1086 2438 1106 2459 a
1122 2427 1269 2459 Platone
1288 2428 1437 2459 conficta
1454 2437 1542 2466 esse,
1558 2437 1661 2459 nemo

1023 2475 1099 2512 erit,
1126 2475 1263 2514 opinor,
1289 2475 1383 2515 quin,
1410 2483 1447 2505 re
1472 2473 1564 2504 omni
1584 2473 1663 2504 dili-

1023 2524 1145 2560 genter
1159 2520 1395 2559 considerata,
1409 2523 1535 2560 sponte
1553 2519 1662 2551 fatea-

1023 2570 1096 2605 tur,
1137 2575 1201 2596 nec
1239 2575 1447 2607 quemqnam
1486 2565 1561 2596 fore
1597 2575 1661 2606 pu-

1022 2616 1153 2654 tamus,
1180 2612 1237 2653 qui
1265 2621 1326 2652 per
1350 2615 1458 2643 totam
1491 2611 1662 2642 narratio-

1023 2667 1099 2689 nem
1125 2658 1334 2698 elegantiam
1354 2656 1486 2698 ingenii
1502 2656 1662 2688 Platonis

1023 2713 1100 2735 esse
1125 2703 1349 2744 conspicuam
1383 2702 1513 2734 infitias
1545 2703 1660 2734 iverit.

1027 2751 1142 2790 Atque
1187 2749 1274 2780 haec
1319 2749 1457 2789 quidem
1504 2748 1547 2779 de
1583 2748 1660 2780 loco
