<?xml version="1.0" encoding="UTF-8"?>
<!DOCTYPE html PUBLIC "-//W3C//DTD XHTML 1.0 Transitional//EN"
    "http://www.w3.org/TR/xhtml1/DTD/xhtml1-transitional.dtd">
<html xmlns="http://www.w3.org/1999/xhtml" xml:lang="en" lang="en">
 <head>
  <title>
</title>
<meta http-equiv="Content-Type" content="text/html;charset=utf-8" />
  <meta name='ocr-system' content='tesseract 3.04.00' />
  <meta name='ocr-capabilities' content='ocr_page ocr_carea ocr_par ocr_line ocrx_word'/>
</head>
<body>
  <div class='ocr_page' id='page_1' title='image "./n3operaomniarecens10platuoft/n3operaomniarecens10platuoft_0337.png"; bbox 0 0 1781 2971; ppageno 0'>
   <div class='ocr_carea' id='block_1_1' title="bbox 396 134 1396 179">
    <p class='ocr_par' dir='ltr' id='par_1_1' title="bbox 396 134 1396 179">
     <span class='ocr_line' id='line_1_1' title="bbox 396 134 1396 179; baseline 0.002 -2"><span class='ocrx_word' id='word_1_1' title='bbox 396 135 566 178; x_wconf 83' lang='lat' dir='ltr'><strong>LIBRI</strong></span> <span class='ocrx_word' id='word_1_2' title='bbox 610 134 993 178; x_wconf 85' lang='lat' dir='ltr'>DUODECIMI.</span> <span class='ocrx_word' id='word_1_3' title='bbox 1316 138 1396 179; x_wconf 83' lang='lat'>333</span> 
     </span>
    </p>
   </div>
   <div class='ocr_carea' id='block_1_2' title="bbox 32 247 1395 2414">
    <p class='ocr_par' dir='ltr' id='par_1_2' title="bbox 32 247 1395 2404">
     <span class='ocr_line' id='line_1_2' title="bbox 34 247 1395 306; baseline -0.001 -14.998"><span class='ocrx_word' id='word_1_4' title='bbox 34 251 158 306; x_wconf 83' lang='lat' dir='ltr'><strong>ginta</strong></span> <span class='ocrx_word' id='word_1_5' title='bbox 198 258 241 291; x_wconf 90' lang='lat' dir='ltr'>et</span> <span class='ocrx_word' id='word_1_6' title='bbox 281 249 399 303; x_wconf 87' lang='lat' dir='ltr'>quod</span> <span class='ocrx_word' id='word_1_7' title='bbox 437 250 629 291; x_wconf 83' lang='lat' dir='ltr'><strong>excurrit</strong></span> <span class='ocrx_word' id='word_1_8' title='bbox 669 263 892 290; x_wconf 85' lang='lat' dir='ltr'>annor.um</span> <span class='ocrx_word' id='word_1_9' title='bbox 966 248 1054 301; x_wconf 77' lang='lat' dir='ltr'>Qui</span> <span class='ocrx_word' id='word_1_10' title='bbox 1095 247 1267 303; x_wconf 89' lang='lat' dir='ltr'>quidem</span> <span class='ocrx_word' id='word_1_11' title='bbox 1320 249 1395 291; x_wconf 90' lang='lat' dir='ltr'>ubi</span> 
     </span>
     <span class='ocr_line' id='line_1_3' title="bbox 34 286 1394 361; baseline 0.001 -14"><span class='ocrx_word' id='word_1_12' title='bbox 34 286 338 359; x_wconf 81' lang='lat' dir='ltr'>intellexerint,</span> <span class='ocrx_word' id='word_1_13' title='bbox 371 306 558 360; x_wconf 85' lang='lat' dir='ltr'>aliquem</span> <span class='ocrx_word' id='word_1_14' title='bbox 588 305 770 347; x_wconf 80' lang='lat' dir='ltr'>iediisse</span> <span class='ocrx_word' id='word_1_15' title='bbox 805 320 875 347; x_wconf 83' lang='grc'>111(</span> <span class='ocrx_word' id='word_1_16' title='bbox 881 312 1106 361; x_wconf 85' lang='lat' dir='ltr'>01ruptum</span> <span class='ocrx_word' id='word_1_17' title='bbox 1137 312 1268 360; x_wconf 85' lang='lat' dir='ltr'>atque</span> <span class='ocrx_word' id='word_1_18' title='bbox 1293 321 1394 360; x_wconf 90' lang='lat' dir='ltr'>pro-</span> 
     </span>
     <span class='ocr_line' id='line_1_4' title="bbox 34 361 1393 414; baseline 0 -10"><span class='ocrx_word' id='word_1_19' title='bbox 34 363 162 414; x_wconf 89' lang='lat' dir='ltr'>bum,</span> <span class='ocrx_word' id='word_1_20' title='bbox 209 363 359 405; x_wconf 62' lang='lat' dir='ltr'>saltem</span> <span class='ocrx_word' id='word_1_21' title='bbox 392 361 585 404; x_wconf 83' lang='lat' dir='ltr'>studium</span> <span class='ocrx_word' id='word_1_22' title='bbox 618 363 709 403; x_wconf 87' lang='lat' dir='ltr'>eius</span> <span class='ocrx_word' id='word_1_23' title='bbox 749 362 980 413; x_wconf 84' lang='lat' dir='ltr'>laudant03</span> <span class='ocrx_word' id='word_1_24' title='bbox 1024 363 1098 404; x_wconf 91' lang='lat' dir='ltr'>ubi</span> <span class='ocrx_word' id='word_1_25' title='bbox 1138 378 1241 404; x_wconf 80' lang='lat' dir='ltr'>veio</span> <span class='ocrx_word' id='word_1_26' title='bbox 1296 378 1393 404; x_wconf 89' lang='lat' dir='ltr'>eum</span> 
     </span>
     <span class='ocr_line' id='line_1_5' title="bbox 33 419 1394 476; baseline 0.001 -16"><span class='ocrx_word' id='word_1_27' title='bbox 33 419 221 461; x_wconf 88' lang='lat' dir='ltr'>viderint</span> <span class='ocrx_word' id='word_1_28' title='bbox 259 420 507 476; x_wconf 79' lang='lat' dir='ltr'>insignibus</span> <span class='ocrx_word' id='word_1_29' title='bbox 549 420 791 474; x_wconf 80' lang='lat' dir='ltr'>sapientiae</span> <span class='ocrx_word' id='word_1_30' title='bbox 835 419 992 474; x_wconf 88' lang='lat' dir='ltr'>opibus</span> <span class='ocrx_word' id='word_1_31' title='bbox 1034 426 1210 460; x_wconf 84' lang='lat' dir='ltr'>auctum</span> <span class='ocrx_word' id='word_1_32' title='bbox 1251 426 1293 461; x_wconf 89' lang='lat' dir='ltr'>et</span> <span class='ocrx_word' id='word_1_33' title='bbox 1331 420 1394 461; x_wconf 94' lang='lat' dir='ltr'>lo-</span> 
     </span>
     <span class='ocr_line' id='line_1_6' title="bbox 33 455 1393 531; baseline 0.001 -14"><span class='ocrx_word' id='word_1_34' title='bbox 33 476 300 531; x_wconf 85' lang='lat' dir='ltr'>cupletatum</span> <span class='ocrx_word' id='word_1_35' title='bbox 344 455 598 528; x_wconf 76' lang='lat' dir='ltr'>levertisse,</span> <span class='ocrx_word' id='word_1_36' title='bbox 640 476 783 530; x_wconf 86' lang='lat' dir='ltr'>ipsum</span> <span class='ocrx_word' id='word_1_37' title='bbox 827 482 870 516; x_wconf 89' lang='lat' dir='ltr'>et</span> <span class='ocrx_word' id='word_1_38' title='bbox 911 492 1057 517; x_wconf 71' lang='lat' dir='ltr'>Vivum</span> <span class='ocrx_word' id='word_1_39' title='bbox 1099 485 1143 517; x_wconf 85' lang='lat' dir='ltr'>et</span> <span class='ocrx_word' id='word_1_40' title='bbox 1172 484 1393 518; x_wconf 90' lang='lat' dir='ltr'>mortuum</span> 
     </span>
     <span class='ocr_line' id='line_1_7' title="bbox 32 533 1394 588; baseline 0.002 -15"><span class='ocrx_word' id='word_1_41' title='bbox 32 533 278 588; x_wconf 78' lang='lat' dir='ltr'>insimibus</span> <span class='ocrx_word' id='word_1_42' title='bbox 319 533 531 575; x_wconf 90' lang='lat' dir='ltr'>honorum</span> <span class='ocrx_word' id='word_1_43' title='bbox 573 548 703 587; x_wconf 84' lang='lat' dir='ltr'>quam</span> <span class='ocrx_word' id='word_1_44' title='bbox 742 533 1030 573; x_wconf 84' lang='lat' dir='ltr'>maximorum</span> <span class='ocrx_word' id='word_1_45' title='bbox 1065 539 1263 574; x_wconf 86' lang='lat' dir='ltr'>ornanto.</span> <span class='ocrx_word' id='word_1_46' title='bbox 1325 533 1394 576; x_wconf 84' lang='lat' dir='ltr'>Ita</span> 
     </span>
     <span class='ocr_line' id='line_1_8' title="bbox 33 589 1393 645; baseline 0.001 -15"><span class='ocrx_word' id='word_1_47' title='bbox 33 597 150 631; x_wconf 88' lang='lat' dir='ltr'>certe</span> <span class='ocrx_word' id='word_1_48' title='bbox 181 590 409 643; x_wconf 87' lang='lat' dir='ltr'>efficietur,</span> <span class='ocrx_word' id='word_1_49' title='bbox 444 596 493 630; x_wconf 91' lang='lat' dir='ltr'>ut</span> <span class='ocrx_word' id='word_1_50' title='bbox 520 605 572 631; x_wconf 84' lang='lat' dir='ltr'>ex</span> <span class='ocrx_word' id='word_1_51' title='bbox 600 589 1024 645; x_wconf 80' lang='lat' dir='ltr'>peregrinationibus</span> <span class='ocrx_word' id='word_1_52' title='bbox 1045 589 1277 644; x_wconf 86' lang='lat' dir='ltr'>plurimum</span> <span class='ocrx_word' id='word_1_53' title='bbox 1311 590 1393 631; x_wconf 85' lang='lat' dir='ltr'>uti-</span> 
     </span>
     <span class='ocr_line' id='line_1_9' title="bbox 34 646 1392 702; baseline 0.001 -15"><span class='ocrx_word' id='word_1_54' title='bbox 34 647 167 688; x_wconf 86' lang='lat' dir='ltr'>litatis</span> <span class='ocrx_word' id='word_1_55' title='bbox 211 646 266 687; x_wconf 88' lang='lat' dir='ltr'>ad</span> <span class='ocrx_word' id='word_1_56' title='bbox 302 647 615 702; x_wconf 83' lang='lat' dir='ltr'>rempublicam</span> <span class='ocrx_word' id='word_1_57' title='bbox 657 646 974 701; x_wconf 88' lang='lat' dir='ltr'>proficiscatur.</span> <span class='ocrx_word' id='word_1_58' title='bbox 1046 646 1278 700; x_wconf 77' lang='lat' dir='ltr'>Reliquum</span> <span class='ocrx_word' id='word_1_59' title='bbox 1311 653 1392 701; x_wconf 86' lang='lat' dir='ltr'>est,</span> 
     </span>
     <span class='ocr_line' id='line_1_10' title="bbox 33 702 1390 745; baseline 0.001 -2"><span class='ocrx_word' id='word_1_60' title='bbox 33 710 81 743; x_wconf 92' lang='lat' dir='ltr'>ut</span> <span class='ocrx_word' id='word_1_61' title='bbox 118 703 230 744; x_wconf 86' lang='lat' dir='ltr'>mala</span> <span class='ocrx_word' id='word_1_62' title='bbox 270 719 322 744; x_wconf 80' lang='lat' dir='ltr'>ex</span> <span class='ocrx_word' id='word_1_63' title='bbox 353 704 513 745; x_wconf 91' lang='lat' dir='ltr'>civium</span> <span class='ocrx_word' id='word_1_64' title='bbox 544 702 773 744; x_wconf 80' lang='lat' dir='ltr'>itineribus</span> <span class='ocrx_word' id='word_1_65' title='bbox 807 702 992 743; x_wconf 86' lang='lat' dir='ltr'>oriunda</span> <span class='ocrx_word' id='word_1_66' title='bbox 1023 702 1259 743; x_wconf 82' lang='lat' dir='ltr'>avertenda</span> <span class='ocrx_word' id='word_1_67' title='bbox 1290 704 1390 745; x_wconf 91' lang='lat' dir='ltr'>sint.</span> 
     </span>
     <span class='ocr_line' id='line_1_11' title="bbox 34 758 1392 813; baseline 0.001 -13"><span class='ocrx_word' id='word_1_68' title='bbox 34 760 160 812; x_wconf 74' lang='lat' dir='ltr'>Quae</span> <span class='ocrx_word' id='word_1_69' title='bbox 201 766 250 801; x_wconf 88' lang='lat' dir='ltr'>ut</span> <span class='ocrx_word' id='word_1_70' title='bbox 281 766 532 811; x_wconf 77' lang='lat' dir='ltr'>arceantur,</span> <span class='ocrx_word' id='word_1_71' title='bbox 576 759 682 800; x_wconf 90' lang='lat' dir='ltr'>nihil</span> <span class='ocrx_word' id='word_1_72' title='bbox 715 758 832 800; x_wconf 86' lang='lat' dir='ltr'>aliud</span> <span class='ocrx_word' id='word_1_73' title='bbox 864 758 1113 800; x_wconf 74' lang='lat' dir='ltr'>faciendum</span> <span class='ocrx_word' id='word_1_74' title='bbox 1145 766 1222 813; x_wconf 88' lang='lat' dir='ltr'>est,</span> <span class='ocrx_word' id='word_1_75' title='bbox 1261 774 1392 813; x_wconf 88' lang='lat' dir='ltr'>quam</span> 
     </span>
     <span class='ocr_line' id='line_1_12' title="bbox 33 815 1391 871; baseline 0.001 -14"><span class='ocrx_word' id='word_1_76' title='bbox 33 823 81 857; x_wconf 92' lang='lat' dir='ltr'>ut</span> <span class='ocrx_word' id='word_1_77' title='bbox 110 817 163 869; x_wconf 93' lang='lat' dir='ltr'>ii,</span> <span class='ocrx_word' id='word_1_78' title='bbox 206 817 279 870; x_wconf 90' lang='lat' dir='ltr'>qui</span> <span class='ocrx_word' id='word_1_79' title='bbox 325 816 540 871; x_wconf 79' lang='lat' dir='ltr'>corruptis</span> <span class='ocrx_word' id='word_1_80' title='bbox 573 815 764 857; x_wconf 86' lang='lat' dir='ltr'>moribus</span> <span class='ocrx_word' id='word_1_81' title='bbox 799 830 850 855; x_wconf 82' lang='lat' dir='ltr'>ex</span> <span class='ocrx_word' id='word_1_82' title='bbox 879 815 931 856; x_wconf 90' lang='lat' dir='ltr'>iis</span> <span class='ocrx_word' id='word_1_83' title='bbox 962 815 1184 868; x_wconf 76' lang='lat' dir='ltr'>redierint,</span> <span class='ocrx_word' id='word_1_84' title='bbox 1218 831 1243 856; x_wconf 88' lang='lat' dir='ltr'>a</span> <span class='ocrx_word' id='word_1_85' title='bbox 1275 831 1391 858; x_wconf 91' lang='lat' dir='ltr'>com-</span> 
     </span>
     <span class='ocr_line' id='line_1_13' title="bbox 32 872 1391 928; baseline 0 -14"><span class='ocrx_word' id='word_1_86' title='bbox 32 873 149 914; x_wconf 91' lang='lat' dir='ltr'>muni</span> <span class='ocrx_word' id='word_1_87' title='bbox 193 873 403 914; x_wconf 88' lang='lat' dir='ltr'>societate</span> <span class='ocrx_word' id='word_1_88' title='bbox 449 872 601 927; x_wconf 90' lang='lat' dir='ltr'>procul</span> <span class='ocrx_word' id='word_1_89' title='bbox 640 872 884 914; x_wconf 83' lang='lat' dir='ltr'>habeantur</span> <span class='ocrx_word' id='word_1_90' title='bbox 941 872 1264 927; x_wconf 89' lang='lat' dir='ltr'>iubeanturque</span> <span class='ocrx_word' id='word_1_91' title='bbox 1303 874 1391 928; x_wconf 91' lang='lat' dir='ltr'>pri-</span> 
     </span>
     <span class='ocr_line' id='line_1_14' title="bbox 32 928 1390 985; baseline 0.001 -15"><span class='ocrx_word' id='word_1_92' title='bbox 32 936 133 971; x_wconf 90' lang='lat' dir='ltr'>vato</span> <span class='ocrx_word' id='word_1_93' title='bbox 166 930 254 970; x_wconf 84' lang='lat' dir='ltr'>otio</span> <span class='ocrx_word' id='word_1_94' title='bbox 286 929 419 971; x_wconf 89' lang='lat' dir='ltr'>vitam</span> <span class='ocrx_word' id='word_1_95' title='bbox 453 929 625 985; x_wconf 83' lang='lat' dir='ltr'>degere,</span> <span class='ocrx_word' id='word_1_96' title='bbox 659 929 852 983; x_wconf 87' lang='lat' dir='ltr'>alioquin</span> <span class='ocrx_word' id='word_1_97' title='bbox 879 928 1134 984; x_wconf 82' lang='lat' dir='ltr'>gravissime</span> <span class='ocrx_word' id='word_1_98' title='bbox 1166 930 1390 985; x_wconf 89' lang='lat' dir='ltr'>puniendi.</span> 
     </span>
     <span class='ocr_line' id='line_1_15' title="bbox 34 985 1392 1042; baseline 0.001 -15"><span class='ocrx_word' id='word_1_99' title='bbox 34 988 110 1041; x_wconf 89' lang='lat' dir='ltr'>(p.</span> <span class='ocrx_word' id='word_1_100' title='bbox 152 987 248 1027; x_wconf 67' lang='grc'><strong>949.</strong></span> <span class='ocrx_word' id='word_1_101' title='bbox 283 986 334 1028; x_wconf 91' lang='grc' dir='ltr'><strong>Ε.</strong></span> <span class='ocrx_word' id='word_1_102' title='bbox 367 1012 421 1016; x_wconf 93' lang='grc'>-</span> <span class='ocrx_word' id='word_1_103' title='bbox 453 988 548 1027; x_wconf 76' lang='grc'><strong>952.</strong></span> <span class='ocrx_word' id='word_1_104' title='bbox 583 986 686 1040; x_wconf 64' lang='lat' dir='ltr'>D.)</span> <span class='ocrx_word' id='word_1_105' title='bbox 721 1011 773 1017; x_wconf 97' lang='lat'>—</span> <span class='ocrx_word' id='word_1_106' title='bbox 833 985 929 1026; x_wconf 89' lang='lat' dir='ltr'>Iam</span> <span class='ocrx_word' id='word_1_107' title='bbox 961 1001 1063 1027; x_wconf 92' lang='lat' dir='ltr'>vero</span> <span class='ocrx_word' id='word_1_108' title='bbox 1101 986 1229 1027; x_wconf 85' lang='lat' dir='ltr'>etiam</span> <span class='ocrx_word' id='word_1_109' title='bbox 1265 1002 1392 1042; x_wconf 89' lang='lat' dir='ltr'>pere·</span> 
     </span>
     <span class='ocr_line' id='line_1_16' title="bbox 33 1042 1390 1098; baseline 0.001 -14.001"><span class='ocrx_word' id='word_1_110' title='bbox 33 1058 108 1098; x_wconf 90' lang='lat' dir='ltr'>ore</span> <span class='ocrx_word' id='word_1_111' title='bbox 142 1043 365 1085; x_wconf 81' lang='lat' dir='ltr'>venientes</span> <span class='ocrx_word' id='word_1_112' title='bbox 405 1043 541 1085; x_wconf 83' lang='lat' dir='ltr'>amice</span> <span class='ocrx_word' id='word_1_113' title='bbox 580 1042 724 1097; x_wconf 83' lang='lat' dir='ltr'>excipi</span> <span class='ocrx_word' id='word_1_114' title='bbox 765 1049 950 1098; x_wconf 85' lang='lat' dir='ltr'>oportet.</span> <span class='ocrx_word' id='word_1_115' title='bbox 1024 1042 1222 1095; x_wconf 77' lang='lat' dir='ltr'>Quorum</span> <span class='ocrx_word' id='word_1_116' title='bbox 1265 1050 1390 1098; x_wconf 86' lang='lat' dir='ltr'>quat-</span> 
     </span>
     <span class='ocr_line' id='line_1_17' title="bbox 32 1099 1390 1164; baseline 0.001 -23"><span class='ocrx_word' id='word_1_117' title='bbox 32 1108 134 1141; x_wconf 87' lang='lat' dir='ltr'>tuor</span> <span class='ocrx_word' id='word_1_118' title='bbox 175 1115 307 1164; x_wconf 79' lang='lat' dir='ltr'>quum</span> <span class='ocrx_word' id='word_1_119' title='bbox 349 1100 434 1142; x_wconf 90' lang='lat' dir='ltr'>sint</span> <span class='ocrx_word' id='word_1_120' title='bbox 476 1115 650 1156; x_wconf 82' lang='lat' dir='ltr'>geneia,</span> <span class='ocrx_word' id='word_1_121' title='bbox 684 1105 838 1154; x_wconf 86' lang='lat' dir='ltr'>utpote</span> <span class='ocrx_word' id='word_1_122' title='bbox 869 1099 1000 1141; x_wconf 87' lang='lat' dir='ltr'>variis</span> <span class='ocrx_word' id='word_1_123' title='bbox 1032 1100 1085 1141; x_wconf 91' lang='lat' dir='ltr'>de</span> <span class='ocrx_word' id='word_1_124' title='bbox 1118 1100 1284 1142; x_wconf 83' lang='lat' dir='ltr'>caussis</span> <span class='ocrx_word' id='word_1_125' title='bbox 1317 1116 1390 1142; x_wconf 82' lang='lat' dir='ltr'>ex-</span> 
     </span>
     <span class='ocr_line' id='line_1_18' title="bbox 33 1156 1390 1210; baseline 0.001 -12"><span class='ocrx_word' id='word_1_126' title='bbox 33 1164 148 1198; x_wconf 77' lang='lat' dir='ltr'>teias</span> <span class='ocrx_word' id='word_1_127' title='bbox 199 1156 398 1199; x_wconf 87' lang='lat' dir='ltr'>civitates</span> <span class='ocrx_word' id='word_1_128' title='bbox 449 1157 842 1210; x_wconf 82' lang='lat' dir='ltr'>frequentantium,</span> <span class='ocrx_word' id='word_1_129' title='bbox 893 1171 980 1197; x_wconf 92' lang='lat' dir='ltr'>non</span> <span class='ocrx_word' id='word_1_130' title='bbox 1030 1157 1390 1199; x_wconf 88' lang='lat' dir='ltr'>committendum</span> 
     </span>
     <span class='ocr_line' id='line_1_19' title="bbox 36 1213 1389 1270; baseline 0 -14"><span class='ocrx_word' id='word_1_131' title='bbox 36 1219 124 1266; x_wconf 88' lang='lat' dir='ltr'>est,</span> <span class='ocrx_word' id='word_1_132' title='bbox 170 1219 218 1253; x_wconf 91' lang='lat' dir='ltr'>ut</span> <span class='ocrx_word' id='word_1_133' title='bbox 255 1213 306 1255; x_wconf 91' lang='lat' dir='ltr'>iis</span> <span class='ocrx_word' id='word_1_134' title='bbox 352 1213 666 1268; x_wconf 84' lang='lat' dir='ltr'>hospitalitatis</span> <span class='ocrx_word' id='word_1_135' title='bbox 704 1219 962 1255; x_wconf 88' lang='lat' dir='ltr'>recusentur</span> <span class='ocrx_word' id='word_1_136' title='bbox 1001 1213 1146 1255; x_wconf 84' lang='lat' dir='ltr'>officia</span> <span class='ocrx_word' id='word_1_137' title='bbox 1187 1214 1259 1270; x_wconf 89' lang='lat' dir='ltr'>(p.</span> <span class='ocrx_word' id='word_1_138' title='bbox 1293 1216 1389 1256; x_wconf 74' lang='lat'>952.</span> 
     </span>
     <span class='ocr_line' id='line_1_20' title="bbox 32 1269 1390 1326; baseline -0.001 -14"><span class='ocrx_word' id='word_1_139' title='bbox 32 1270 84 1312; x_wconf 85' lang='lat' dir='ltr'>E.</span> <span class='ocrx_word' id='word_1_140' title='bbox 116 1293 172 1300; x_wconf 76' lang='lat'>-—</span> <span class='ocrx_word' id='word_1_141' title='bbox 204 1272 299 1312; x_wconf 80' lang='grc'><strong>953.</strong></span> <span class='ocrx_word' id='word_1_142' title='bbox 332 1270 406 1325; x_wconf 88' lang='grc' dir='ltr'>Ε).</span> <span class='ocrx_word' id='word_1_143' title='bbox 439 1292 493 1299; x_wconf 88' lang='grc'>--</span> <span class='ocrx_word' id='word_1_144' title='bbox 562 1269 815 1324; x_wconf 84' lang='lat' dir='ltr'>Sequuntur</span> <span class='ocrx_word' id='word_1_145' title='bbox 856 1269 1013 1311; x_wconf 90' lang='lat' dir='ltr'>dehinc</span> <span class='ocrx_word' id='word_1_146' title='bbox 1053 1276 1288 1326; x_wconf 84' lang='lat' dir='ltr'>praecepta</span> <span class='ocrx_word' id='word_1_147' title='bbox 1326 1277 1390 1312; x_wconf 89' lang='lat' dir='ltr'>at-</span> 
     </span>
     <span class='ocr_line' id='line_1_21' title="bbox 34 1325 1391 1392; baseline 0 -24"><span class='ocrx_word' id='word_1_148' title='bbox 34 1341 118 1382; x_wconf 89' lang='lat' dir='ltr'>que</span> <span class='ocrx_word' id='word_1_149' title='bbox 148 1326 269 1382; x_wconf 80' lang='lat' dir='ltr'>leges</span> <span class='ocrx_word' id='word_1_150' title='bbox 302 1325 355 1368; x_wconf 89' lang='lat' dir='ltr'>de</span> <span class='ocrx_word' id='word_1_151' title='bbox 387 1326 663 1392; x_wconf 82' lang='lat' dir='ltr'>vadimoniis,</span> <span class='ocrx_word' id='word_1_152' title='bbox 697 1326 750 1368; x_wconf 88' lang='lat' dir='ltr'>de</span> <span class='ocrx_word' id='word_1_153' title='bbox 782 1341 924 1367; x_wconf 90' lang='lat' dir='ltr'>rerum</span> <span class='ocrx_word' id='word_1_154' title='bbox 956 1327 1212 1368; x_wconf 88' lang='lat' dir='ltr'>amissarum</span> <span class='ocrx_word' id='word_1_155' title='bbox 1244 1327 1288 1368; x_wconf 92' lang='lat' dir='ltr'>in</span> <span class='ocrx_word' id='word_1_156' title='bbox 1321 1343 1391 1369; x_wconf 88' lang='lat' dir='ltr'>ae-</span> 
     </span>
     <span class='ocr_line' id='line_1_22' title="bbox 33 1383 1390 1440; baseline 0.001 -15"><span class='ocrx_word' id='word_1_157' title='bbox 33 1383 162 1425; x_wconf 91' lang='lat' dir='ltr'>dibus</span> <span class='ocrx_word' id='word_1_158' title='bbox 195 1383 348 1426; x_wconf 87' lang='lat' dir='ltr'>alienis</span> <span class='ocrx_word' id='word_1_159' title='bbox 379 1383 668 1436; x_wconf 80' lang='lat' dir='ltr'>scrutatione,</span> <span class='ocrx_word' id='word_1_160' title='bbox 711 1383 764 1425; x_wconf 90' lang='lat' dir='ltr'>de</span> <span class='ocrx_word' id='word_1_161' title='bbox 795 1383 1163 1438; x_wconf 86' lang='lat' dir='ltr'>usucapionibus,</span> <span class='ocrx_word' id='word_1_162' title='bbox 1208 1383 1261 1425; x_wconf 85' lang='lat' dir='ltr'>de</span> <span class='ocrx_word' id='word_1_163' title='bbox 1292 1400 1390 1440; x_wconf 92' lang='lat' dir='ltr'>pro-</span> 
     </span>
     <span class='ocr_line' id='line_1_23' title="bbox 33 1439 1390 1505; baseline 0.001 -24"><span class='ocrx_word' id='word_1_164' title='bbox 33 1440 319 1482; x_wconf 90' lang='lat' dir='ltr'>hibitionibus</span> <span class='ocrx_word' id='word_1_165' title='bbox 350 1446 393 1482; x_wconf 87' lang='lat' dir='ltr'>et</span> <span class='ocrx_word' id='word_1_166' title='bbox 423 1440 864 1505; x_wconf 84' lang='lat' dir='ltr'>praescriptionibus,</span> <span class='ocrx_word' id='word_1_167' title='bbox 909 1439 961 1481; x_wconf 89' lang='lat' dir='ltr'>de</span> <span class='ocrx_word' id='word_1_168' title='bbox 992 1456 1135 1482; x_wconf 90' lang='lat' dir='ltr'>rerum</span> <span class='ocrx_word' id='word_1_169' title='bbox 1166 1440 1283 1482; x_wconf 87' lang='lat' dir='ltr'>furto</span> <span class='ocrx_word' id='word_1_170' title='bbox 1315 1441 1390 1482; x_wconf 87' lang='lat' dir='ltr'>ab·</span> 
     </span>
     <span class='ocr_line' id='line_1_24' title="bbox 32 1491 1389 1562; baseline 0 -24"><span class='ocrx_word' id='word_1_171' title='bbox 32 1498 216 1538; x_wconf 83' lang='lat' dir='ltr'>latarum</span> <span class='ocrx_word' id='word_1_172' title='bbox 256 1512 341 1538; x_wconf 89' lang='lat' dir='ltr'>usu</span> <span class='ocrx_word' id='word_1_173' title='bbox 381 1504 425 1538; x_wconf 92' lang='lat' dir='ltr'>et</span> <span class='ocrx_word' id='word_1_174' title='bbox 463 1496 777 1562; x_wconf 85' lang='lat' dir='ltr'>acquisitione,</span> <span class='ocrx_word' id='word_1_175' title='bbox 816 1496 868 1537; x_wconf 90' lang='lat' dir='ltr'>de</span> <span class='ocrx_word' id='word_1_176' title='bbox 899 1497 1051 1552; x_wconf 88' lang='lat' dir='ltr'>poenis</span> <span class='ocrx_word' id='word_1_177' title='bbox 1082 1491 1389 1551; x_wconf 65' lang='grc' dir='ltr'>θο111111,(]11ῗ,</span> 
     </span>
     <span class='ocr_line' id='line_1_25' title="bbox 34 1553 1391 1609; baseline 0 -13"><span class='ocrx_word' id='word_1_178' title='bbox 34 1554 263 1609; x_wconf 88' lang='lat' dir='ltr'>quominus</span> <span class='ocrx_word' id='word_1_179' title='bbox 306 1554 402 1608; x_wconf 89' lang='lat' dir='ltr'>quis</span> <span class='ocrx_word' id='word_1_180' title='bbox 441 1555 737 1596; x_wconf 86' lang='lat' dir='ltr'>testimonium</span> <span class='ocrx_word' id='word_1_181' title='bbox 777 1553 895 1595; x_wconf 88' lang='lat' dir='ltr'>dicat</span> <span class='ocrx_word' id='word_1_182' title='bbox 925 1560 1001 1594; x_wconf 82' lang='lat' dir='ltr'>aut</span> <span class='ocrx_word' id='word_1_183' title='bbox 1031 1554 1074 1594; x_wconf 91' lang='lat' dir='ltr'>in</span> <span class='ocrx_word' id='word_1_184' title='bbox 1104 1553 1220 1595; x_wconf 89' lang='lat' dir='ltr'>ludis</span> <span class='ocrx_word' id='word_1_185' title='bbox 1252 1554 1391 1596; x_wconf 88' lang='lat' dir='ltr'>sceni-</span> 
     </span>
     <span class='ocr_line' id='line_1_26' title="bbox 34 1610 1390 1665; baseline -0.001 -13"><span class='ocrx_word' id='word_1_186' title='bbox 34 1612 96 1653; x_wconf 88' lang='lat' dir='ltr'>cis</span> <span class='ocrx_word' id='word_1_187' title='bbox 128 1616 291 1663; x_wconf 90' lang='lat' dir='ltr'>certet,</span> <span class='ocrx_word' id='word_1_188' title='bbox 333 1611 590 1665; x_wconf 89' lang='lat' dir='ltr'>prohibent,</span> <span class='ocrx_word' id='word_1_189' title='bbox 634 1610 687 1652; x_wconf 90' lang='lat' dir='ltr'>de</span> <span class='ocrx_word' id='word_1_190' title='bbox 729 1610 927 1652; x_wconf 78' lang='lat' dir='ltr'>exsulum</span> <span class='ocrx_word' id='word_1_191' title='bbox 958 1611 1221 1665; x_wconf 87' lang='lat' dir='ltr'>receptione</span> <span class='ocrx_word' id='word_1_192' title='bbox 1240 1616 1282 1651; x_wconf 91' lang='lat' dir='ltr'>et</span> <span class='ocrx_word' id='word_1_193' title='bbox 1313 1610 1390 1652; x_wconf 93' lang='lat' dir='ltr'>ho-</span> 
     </span>
     <span class='ocr_line' id='line_1_27' title="bbox 33 1666 1392 1724; baseline -0.001 -14"><span class='ocrx_word' id='word_1_194' title='bbox 33 1668 186 1724; x_wconf 91' lang='lat' dir='ltr'>spitio,</span> <span class='ocrx_word' id='word_1_195' title='bbox 231 1666 284 1708; x_wconf 85' lang='lat' dir='ltr'>de</span> <span class='ocrx_word' id='word_1_196' title='bbox 314 1683 424 1722; x_wconf 84' lang='lat' dir='ltr'>pace</span> <span class='ocrx_word' id='word_1_197' title='bbox 453 1683 478 1709; x_wconf 88' lang='lat' dir='ltr'>a</span> <span class='ocrx_word' id='word_1_198' title='bbox 509 1667 690 1723; x_wconf 84' lang='lat' dir='ltr'>singulis</span> <span class='ocrx_word' id='word_1_199' title='bbox 735 1667 903 1709; x_wconf 91' lang='lat' dir='ltr'>civibus</span> <span class='ocrx_word' id='word_1_200' title='bbox 947 1682 1045 1708; x_wconf 88' lang='lat' dir='ltr'>cum</span> <span class='ocrx_word' id='word_1_201' title='bbox 1073 1667 1272 1709; x_wconf 90' lang='lat' dir='ltr'>hostibus</span> <span class='ocrx_word' id='word_1_202' title='bbox 1303 1683 1392 1709; x_wconf 91' lang='lat' dir='ltr'>non</span> 
     </span>
     <span class='ocr_line' id='line_1_28' title="bbox 34 1724 1391 1778; baseline 0 -12"><span class='ocrx_word' id='word_1_203' title='bbox 34 1725 246 1778; x_wconf 89' lang='lat' dir='ltr'>ineunda,</span> <span class='ocrx_word' id='word_1_204' title='bbox 291 1724 343 1766; x_wconf 87' lang='lat' dir='ltr'>de</span> <span class='ocrx_word' id='word_1_205' title='bbox 384 1725 510 1766; x_wconf 86' lang='lat' dir='ltr'>donis</span> <span class='ocrx_word' id='word_1_206' title='bbox 548 1739 600 1766; x_wconf 88' lang='lat' dir='ltr'>ac</span> <span class='ocrx_word' id='word_1_207' title='bbox 637 1725 890 1767; x_wconf 84' lang='lat' dir='ltr'>numeribus</span> <span class='ocrx_word' id='word_1_208' title='bbox 929 1724 1102 1778; x_wconf 87' lang='lat' dir='ltr'>publice</span> <span class='ocrx_word' id='word_1_209' title='bbox 1144 1739 1232 1766; x_wconf 89' lang='lat' dir='ltr'>non</span> <span class='ocrx_word' id='word_1_210' title='bbox 1277 1724 1391 1766; x_wconf 87' lang='lat' dir='ltr'>acci-</span> 
     </span>
     <span class='ocr_line' id='line_1_29' title="bbox 34 1780 1391 1838; baseline -0.001 -15"><span class='ocrx_word' id='word_1_211' title='bbox 34 1782 230 1838; x_wconf 88' lang='lat' dir='ltr'>piendis,</span> <span class='ocrx_word' id='word_1_212' title='bbox 282 1780 336 1823; x_wconf 86' lang='lat' dir='ltr'>de</span> <span class='ocrx_word' id='word_1_213' title='bbox 386 1781 600 1823; x_wconf 87' lang='lat' dir='ltr'>sumtibus</span> <span class='ocrx_word' id='word_1_214' title='bbox 652 1797 731 1835; x_wconf 90' lang='lat' dir='ltr'>pro</span> <span class='ocrx_word' id='word_1_215' title='bbox 782 1781 1006 1836; x_wconf 86' lang='lat' dir='ltr'>republica</span> <span class='ocrx_word' id='word_1_216' title='bbox 1048 1780 1284 1835; x_wconf 86' lang='lat' dir='ltr'>faciendis,</span> <span class='ocrx_word' id='word_1_217' title='bbox 1337 1781 1391 1822; x_wconf 90' lang='lat' dir='ltr'>de</span> 
     </span>
     <span class='ocr_line' id='line_1_30' title="bbox 35 1837 1391 1893; baseline -0.001 -12"><span class='ocrx_word' id='word_1_218' title='bbox 35 1839 228 1881; x_wconf 87' lang='lat' dir='ltr'>donariis</span> <span class='ocrx_word' id='word_1_219' title='bbox 270 1838 351 1880; x_wconf 89' lang='lat' dir='ltr'>diis</span> <span class='ocrx_word' id='word_1_220' title='bbox 385 1837 714 1891; x_wconf 86' lang='lat' dir='ltr'>consecrandis,</span> <span class='ocrx_word' id='word_1_221' title='bbox 757 1853 868 1893; x_wconf 88' lang='lat' dir='ltr'>quae</span> <span class='ocrx_word' id='word_1_222' title='bbox 902 1837 1076 1892; x_wconf 88' lang='lat' dir='ltr'>quidem</span> <span class='ocrx_word' id='word_1_223' title='bbox 1108 1838 1253 1879; x_wconf 85' lang='lat' dir='ltr'>omnia</span> <span class='ocrx_word' id='word_1_224' title='bbox 1283 1853 1391 1893; x_wconf 88' lang='lat' dir='ltr'>pau-</span> 
     </span>
     <span class='ocr_line' id='line_1_31' title="bbox 35 1894 1391 1949; baseline -0.001 -11"><span class='ocrx_word' id='word_1_225' title='bbox 35 1896 219 1938; x_wconf 86' lang='lat' dir='ltr'>cissimis</span> <span class='ocrx_word' id='word_1_226' title='bbox 251 1895 538 1936; x_wconf 88' lang='lat' dir='ltr'>absolvuntur</span> <span class='ocrx_word' id='word_1_227' title='bbox 568 1897 630 1949; x_wconf 92' lang='lat' dir='ltr'>(p.</span> <span class='ocrx_word' id='word_1_228' title='bbox 654 1896 750 1935; x_wconf 82' lang='grc'><strong>953.</strong></span> <span class='ocrx_word' id='word_1_229' title='bbox 774 1895 826 1935; x_wconf 86' lang='grc' dir='ltr'><strong>Ε.</strong></span> <span class='ocrx_word' id='word_1_230' title='bbox 849 1919 903 1924; x_wconf 91' lang='grc'><strong>-</strong></span> <span class='ocrx_word' id='word_1_231' title='bbox 938 1896 1028 1936; x_wconf 85' lang='grc'><strong>956.</strong></span> <span class='ocrx_word' id='word_1_232' title='bbox 1048 1894 1136 1947; x_wconf 69' lang='grc' dir='ltr'><strong>Β).</strong></span> <span class='ocrx_word' id='word_1_233' title='bbox 1168 1920 1222 1925; x_wconf 88' lang='lat'>—-</span> <span class='ocrx_word' id='word_1_234' title='bbox 1282 1894 1391 1947; x_wconf 80' lang='lat' dir='ltr'>Qui·</span> 
     </span>
     <span class='ocr_line' id='line_1_32' title="bbox 36 1950 1392 2017; baseline 0 -25"><span class='ocrx_word' id='word_1_235' title='bbox 36 1954 116 1995; x_wconf 88' lang='lat' dir='ltr'>bus</span> <span class='ocrx_word' id='word_1_236' title='bbox 148 1952 358 2017; x_wconf 79' lang='lat' dir='ltr'>expositis</span> <span class='ocrx_word' id='word_1_237' title='bbox 390 1952 612 1993; x_wconf 90' lang='lat' dir='ltr'>acceditur</span> <span class='ocrx_word' id='word_1_238' title='bbox 650 1950 705 1991; x_wconf 85' lang='lat' dir='ltr'>ad</span> <span class='ocrx_word' id='word_1_239' title='bbox 734 1950 910 1994; x_wconf 89' lang='lat' dir='ltr'>iudicia.</span> <span class='ocrx_word' id='word_1_240' title='bbox 969 1950 1127 2005; x_wconf 89' lang='lat' dir='ltr'>Itaque</span> <span class='ocrx_word' id='word_1_241' title='bbox 1158 1950 1392 1992; x_wconf 85' lang='lat' dir='ltr'>disseritur</span> 
     </span>
     <span class='ocr_line' id='line_1_33' title="bbox 36 2006 1389 2063; baseline -0.002 -12"><span class='ocrx_word' id='word_1_242' title='bbox 36 2009 90 2051; x_wconf 88' lang='lat' dir='ltr'>de</span> <span class='ocrx_word' id='word_1_243' title='bbox 136 2009 268 2050; x_wconf 88' lang='lat' dir='ltr'>variis</span> <span class='ocrx_word' id='word_1_244' title='bbox 309 2008 567 2050; x_wconf 88' lang='lat' dir='ltr'>iudiciorum</span> <span class='ocrx_word' id='word_1_245' title='bbox 608 2008 838 2063; x_wconf 82' lang='lat' dir='ltr'>generibus</span> <span class='ocrx_word' id='word_1_246' title='bbox 890 2012 1020 2060; x_wconf 91' lang='lat' dir='ltr'>atque</span> <span class='ocrx_word' id='word_1_247' title='bbox 1070 2006 1280 2062; x_wconf 85' lang='lat' dir='ltr'>gradibus</span> <span class='ocrx_word' id='word_1_248' title='bbox 1319 2008 1389 2063; x_wconf 82' lang='lat' dir='ltr'>(p.</span> 
     </span>
     <span class='ocr_line' id='line_1_34' title="bbox 37 2042 1391 2119; baseline -0.003 -11"><span class='ocrx_word' id='word_1_249' title='bbox 37 2068 131 2110; x_wconf 83' lang='lat'>956.</span> <span class='ocrx_word' id='word_1_250' title='bbox 173 2066 224 2106; x_wconf 88' lang='grc' dir='ltr'><strong>Β.</strong></span> <span class='ocrx_word' id='word_1_251' title='bbox 257 2064 307 2107; x_wconf 89' lang='lat' dir='ltr'>C.</span> <span class='ocrx_word' id='word_1_252' title='bbox 339 2065 396 2106; x_wconf 92' lang='lat' dir='ltr'>D.</span> <span class='ocrx_word' id='word_1_253' title='bbox 409 2066 454 2119; x_wconf 86' lang='lat'>),</span> <span class='ocrx_word' id='word_1_254' title='bbox 488 2065 541 2106; x_wconf 92' lang='lat' dir='ltr'>de</span> <span class='ocrx_word' id='word_1_255' title='bbox 570 2064 762 2107; x_wconf 88' lang='lat' dir='ltr'>iudicum</span> <span class='ocrx_word' id='word_1_256' title='bbox 793 2063 973 2115; x_wconf 89' lang='lat' dir='ltr'>officiis,</span> <span class='ocrx_word' id='word_1_257' title='bbox 1018 2042 1096 2118; x_wconf 67' lang='lat' dir='ltr'>(pt&gt;</span> <span class='ocrx_word' id='word_1_258' title='bbox 1121 2065 1215 2104; x_wconf 87' lang='grc'><strong>956.</strong></span> <span class='ocrx_word' id='word_1_259' title='bbox 1250 2064 1304 2105; x_wconf 93' lang='lat' dir='ltr'>D.</span> <span class='ocrx_word' id='word_1_260' title='bbox 1337 2089 1391 2094; x_wconf 91' lang='lat'>—</span> 
     </span>
     <span class='ocr_line' id='line_1_35' title="bbox 36 2120 1391 2177; baseline -0.001 -13"><span class='ocrx_word' id='word_1_261' title='bbox 36 2125 132 2165; x_wconf 84' lang='grc'><strong>957.</strong></span> <span class='ocrx_word' id='word_1_262' title='bbox 173 2122 230 2163; x_wconf 91' lang='lat' dir='ltr'>D.</span> <span class='ocrx_word' id='word_1_263' title='bbox 241 2123 287 2177; x_wconf 88' lang='lat'>),</span> <span class='ocrx_word' id='word_1_264' title='bbox 331 2128 463 2177; x_wconf 88' lang='lat' dir='ltr'>atque</span> <span class='ocrx_word' id='word_1_265' title='bbox 514 2121 566 2163; x_wconf 89' lang='lat' dir='ltr'>de</span> <span class='ocrx_word' id='word_1_266' title='bbox 610 2136 753 2163; x_wconf 88' lang='lat' dir='ltr'>rerum</span> <span class='ocrx_word' id='word_1_267' title='bbox 792 2120 1081 2162; x_wconf 87' lang='lat' dir='ltr'>iudicatarum</span> <span class='ocrx_word' id='word_1_268' title='bbox 1130 2120 1391 2162; x_wconf 81' lang='lat' dir='ltr'>auctoritate</span> 
     </span>
     <span class='ocr_line' id='line_1_36' title="bbox 37 2177 1392 2245; baseline -0.002 -23"><span class='ocrx_word' id='word_1_269' title='bbox 37 2180 100 2245; x_wconf 82' lang='lat' dir='ltr'>(p.</span> <span class='ocrx_word' id='word_1_270' title='bbox 133 2181 228 2223; x_wconf 88' lang='grc'><strong>957.</strong></span> <span class='ocrx_word' id='word_1_271' title='bbox 260 2180 316 2220; x_wconf 86' lang='lat' dir='ltr'>D.</span> <span class='ocrx_word' id='word_1_272' title='bbox 350 2205 403 2209; x_wconf 81' lang='lat'>-—</span> <span class='ocrx_word' id='word_1_273' title='bbox 443 2180 540 2220; x_wconf 90' lang='grc'><strong>958.</strong></span> <span class='ocrx_word' id='word_1_274' title='bbox 572 2177 660 2232; x_wconf 85' lang='lat' dir='ltr'>C..)</span> <span class='ocrx_word' id='word_1_275' title='bbox 694 2203 746 2209; x_wconf 98' lang='lat'>—</span> <span class='ocrx_word' id='word_1_276' title='bbox 820 2177 1027 2232; x_wconf 89' lang='lat' dir='ltr'>Denique</span> <span class='ocrx_word' id='word_1_277' title='bbox 1067 2177 1299 2233; x_wconf 86' lang='lat' dir='ltr'>exponitur</span> <span class='ocrx_word' id='word_1_278' title='bbox 1338 2177 1392 2219; x_wconf 89' lang='lat' dir='ltr'>de</span> 
     </span>
     <span class='ocr_line' id='line_1_37' title="bbox 36 2233 1393 2290; baseline -0.002 -12"><span class='ocrx_word' id='word_1_279' title='bbox 36 2238 116 2290; x_wconf 89' lang='lat' dir='ltr'>iis,</span> <span class='ocrx_word' id='word_1_280' title='bbox 167 2251 278 2290; x_wconf 80' lang='lat' dir='ltr'>quae</span> <span class='ocrx_word' id='word_1_281' title='bbox 334 2236 538 2278; x_wconf 84' lang='lat' dir='ltr'>mortales</span> <span class='ocrx_word' id='word_1_282' title='bbox 596 2250 743 2277; x_wconf 90' lang='lat' dir='ltr'>omnes</span> <span class='ocrx_word' id='word_1_283' title='bbox 801 2240 1022 2289; x_wconf 87' lang='lat' dir='ltr'>postrema</span> <span class='ocrx_word' id='word_1_284' title='bbox 1080 2234 1256 2287; x_wconf 89' lang='lat' dir='ltr'>quidem</span> <span class='ocrx_word' id='word_1_285' title='bbox 1314 2233 1393 2275; x_wconf 86' lang='lat' dir='ltr'>sed</span> 
     </span>
     <span class='ocr_line' id='line_1_38' title="bbox 36 2291 1391 2345; baseline -0.003 -10"><span class='ocrx_word' id='word_1_286' title='bbox 36 2293 226 2335; x_wconf 88' lang='lat' dir='ltr'>omnium</span> <span class='ocrx_word' id='word_1_287' title='bbox 268 2293 513 2335; x_wconf 86' lang='lat' dir='ltr'>certissima</span> <span class='ocrx_word' id='word_1_288' title='bbox 541 2298 732 2335; x_wconf 82' lang='lat' dir='ltr'>manent.</span> <span class='ocrx_word' id='word_1_289' title='bbox 793 2291 1057 2334; x_wconf 90' lang='lat' dir='ltr'>Ostenditur</span> <span class='ocrx_word' id='word_1_290' title='bbox 1088 2291 1225 2344; x_wconf 85' lang='lat' dir='ltr'>enim,</span> <span class='ocrx_word' id='word_1_291' title='bbox 1259 2305 1391 2345; x_wconf 88' lang='lat' dir='ltr'>quae-</span> 
     </span>
     <span class='ocr_line' id='line_1_39' title="bbox 37 2347 1392 2414; baseline -0.001 -23"><span class='ocrx_word' id='word_1_292' title='bbox 37 2366 136 2392; x_wconf 88' lang='lat' dir='ltr'>nam</span> <span class='ocrx_word' id='word_1_293' title='bbox 176 2349 293 2391; x_wconf 82' lang='lat' dir='ltr'>iusta</span> <span class='ocrx_word' id='word_1_294' title='bbox 333 2349 516 2391; x_wconf 89' lang='lat' dir='ltr'>mortuis</span> <span class='ocrx_word' id='word_1_295' title='bbox 556 2347 847 2414; x_wconf 80' lang='lat' dir='ltr'>persolvenda</span> <span class='ocrx_word' id='word_1_296' title='bbox 886 2349 998 2401; x_wconf 85' lang='lat' dir='ltr'>sint,</span> <span class='ocrx_word' id='word_1_297' title='bbox 1042 2361 1240 2401; x_wconf 89' lang='lat' dir='ltr'>quaeque</span> <span class='ocrx_word' id='word_1_298' title='bbox 1280 2348 1392 2389; x_wconf 90' lang='lat' dir='ltr'>ratio</span> 
     </span>
    </p>
   </div>
   <div class='ocr_carea' id='block_1_3' title="bbox 37 2404 1392 2520">
    <p class='ocr_par' dir='ltr' id='par_1_3' title="bbox 37 2404 1392 2520">
     <span class='ocr_line' id='line_1_40' title="bbox 37 2404 1392 2463; baseline -0.003 -14"><span class='ocrx_word' id='word_1_299' title='bbox 37 2407 363 2463; x_wconf 88' lang='lat' dir='ltr'>sepulcrorum,</span> <span class='ocrx_word' id='word_1_300' title='bbox 405 2406 697 2459; x_wconf 87' lang='lat' dir='ltr'>tumulorum,</span> <span class='ocrx_word' id='word_1_301' title='bbox 739 2406 991 2461; x_wconf 85' lang='lat' dir='ltr'>cipporum,</span> <span class='ocrx_word' id='word_1_302' title='bbox 1033 2404 1220 2458; x_wconf 89' lang='lat' dir='ltr'>denique</span> <span class='ocrx_word' id='word_1_303' title='bbox 1253 2404 1392 2446; x_wconf 85' lang='lat' dir='ltr'>omnis</span> 
     </span>
     <span class='ocr_line' id='line_1_41' title="bbox 38 2459 1327 2520; baseline -0.005 -14"><span class='ocrx_word' id='word_1_304' title='bbox 38 2464 287 2520; x_wconf 83' lang='lat' dir='ltr'>sepulturae</span> <span class='ocrx_word' id='word_1_305' title='bbox 320 2477 415 2504; x_wconf 88' lang='lat' dir='ltr'>esse</span> <span class='ocrx_word' id='word_1_306' title='bbox 447 2462 606 2504; x_wconf 86' lang='lat' dir='ltr'>debeat</span> <span class='ocrx_word' id='word_1_307' title='bbox 637 2463 698 2518; x_wconf 90' lang='lat' dir='ltr'>(p.</span> <span class='ocrx_word' id='word_1_308' title='bbox 729 2464 825 2504; x_wconf 65' lang='grc'><strong>958.</strong></span> <span class='ocrx_word' id='word_1_309' title='bbox 858 2459 906 2503; x_wconf 87' lang='lat' dir='ltr'>C.</span> <span class='ocrx_word' id='word_1_310' title='bbox 939 2486 994 2491; x_wconf 92' lang='lat'>—</span> <span class='ocrx_word' id='word_1_311' title='bbox 1025 2462 1124 2502; x_wconf 84' lang='grc'><strong>960.</strong></span> <span class='ocrx_word' id='word_1_312' title='bbox 1154 2461 1239 2514; x_wconf 85' lang='grc' dir='ltr'><strong>Β..)</strong></span> <span class='ocrx_word' id='word_1_313' title='bbox 1272 2486 1327 2492; x_wconf 86' lang='grc'>-</span> 
     </span>
    </p>
   </div>
   <div class='ocr_carea' id='block_1_4' title="bbox 40 2573 1394 2745">
    <p class='ocr_par' dir='ltr' id='par_1_4' title="bbox 40 2573 1394 2745">
     <span class='ocr_line' id='line_1_42' title="bbox 156 2573 1394 2631; baseline -0.001 -15"><span class='ocrx_word' id='word_1_314' title='bbox 156 2577 224 2617; x_wconf 85' lang='lat' dir='ltr'>lta</span> <span class='ocrx_word' id='word_1_315' title='bbox 263 2589 365 2617; x_wconf 89' lang='lat' dir='ltr'>vero</span> <span class='ocrx_word' id='word_1_316' title='bbox 407 2590 538 2630; x_wconf 90' lang='lat' dir='ltr'>quum</span> <span class='ocrx_word' id='word_1_317' title='bbox 583 2575 728 2631; x_wconf 84' lang='lat' dir='ltr'>legum</span> <span class='ocrx_word' id='word_1_318' title='bbox 766 2574 947 2629; x_wconf 86' lang='lat' dir='ltr'>scriptio</span> <span class='ocrx_word' id='word_1_319' title='bbox 986 2573 1163 2615; x_wconf 90' lang='lat' dir='ltr'>tandem</span> <span class='ocrx_word' id='word_1_320' title='bbox 1193 2573 1394 2616; x_wconf 88' lang='lat' dir='ltr'>videatur</span> 
     </span>
     <span class='ocr_line' id='line_1_43' title="bbox 40 2629 1393 2686; baseline -0.001 -12"><span class='ocrx_word' id='word_1_321' title='bbox 40 2633 96 2674; x_wconf 84' lang='lat' dir='ltr'>ad</span> <span class='ocrx_word' id='word_1_322' title='bbox 125 2633 256 2675; x_wconf 89' lang='lat' dir='ltr'>finem</span> <span class='ocrx_word' id='word_1_323' title='bbox 286 2646 424 2686; x_wconf 88' lang='lat' dir='ltr'>usque</span> <span class='ocrx_word' id='word_1_324' title='bbox 455 2631 667 2686; x_wconf 87' lang='lat' dir='ltr'>perducta</span> <span class='ocrx_word' id='word_1_325' title='bbox 697 2646 816 2683; x_wconf 83' lang='lat' dir='ltr'>esse3</span> <span class='ocrx_word' id='word_1_326' title='bbox 848 2641 994 2673; x_wconf 88' lang='lat' dir='ltr'>tamen</span> <span class='ocrx_word' id='word_1_327' title='bbox 1013 2629 1296 2672; x_wconf 87' lang='lat' dir='ltr'>Atheniensis</span> <span class='ocrx_word' id='word_1_328' title='bbox 1327 2646 1393 2673; x_wconf 89' lang='lat' dir='ltr'>re-</span> 
     </span>
     <span class='ocr_line' id='line_1_44' title="bbox 40 2665 1394 2745; baseline -0.001 -14"><span class='ocrx_word' id='word_1_329' title='bbox 40 2690 205 2745; x_wconf 89' lang='lat' dir='ltr'>liquum</span> <span class='ocrx_word' id='word_1_330' title='bbox 238 2705 331 2732; x_wconf 86' lang='lat' dir='ltr'>esse</span> <span class='ocrx_word' id='word_1_331' title='bbox 365 2688 518 2742; x_wconf 85' lang='lat' dir='ltr'>docet,</span> <span class='ocrx_word' id='word_1_332' title='bbox 558 2695 606 2730; x_wconf 91' lang='lat' dir='ltr'>ut</span> <span class='ocrx_word' id='word_1_333' title='bbox 637 2688 779 2731; x_wconf 83' lang='lat' dir='ltr'>adhuc</span> <span class='ocrx_word' id='word_1_334' title='bbox 807 2665 864 2730; x_wconf 65' lang='lat' dir='ltr'>’de</span> <span class='ocrx_word' id='word_1_335' title='bbox 896 2702 941 2729; x_wconf 87' lang='lat' dir='ltr'>re</span> <span class='ocrx_word' id='word_1_336' title='bbox 972 2687 1102 2744; x_wconf 84' lang='lat' dir='ltr'>longe</span> <span class='ocrx_word' id='word_1_337' title='bbox 1132 2687 1394 2744; x_wconf 83' lang='lat' dir='ltr'>gravissima</span> 
     </span>
    </p>
   </div>
   <div class='ocr_carea' id='block_1_5' title="bbox 451 2772 468 2789">
    <p class='ocr_par' dir='ltr' id='par_1_5' title="bbox 451 2772 468 2789">
     <span class='ocr_line' id='line_1_45' title="bbox 451 2772 468 2789; baseline 0 0"><span class='ocrx_word' id='word_1_338' title='bbox 451 2772 468 2789; x_wconf 61' lang='lat' dir='ltr'>N</span> 
     </span>
    </p>
   </div>
  </div>
 </body>
</html>
