1781 2971
376 156 751 199 EPINOMIS.

122 276 191 317 καὶ
237 273 424 330 ἀρίστην
470 293 497 332 q
506 273 613 317 ύσιν.

801 158 844 198 P.
879 159 973 198 985).

1004 158 1097 198 990.
1132 156 1194 199 St.
1391 157 1473 196 529

122 343 339 393 εξελθεῖν,
384 340 412 383 ἅ
454 342 482 384 τ’
525 345 611 384 ἐστὶ
651 346 722 385 καὶ
760 341 831 385 οἷα
877 344 947 383 καὶ
996 340 1051 391 ὡς
1098 346 1160 384 δεῖ
1203 342 1475 394 μαι-’θ-άνειν,

123 407 235 451 κατὰ
279 409 467 465 δύναμιν
506 410 586 462 τήν
622 408 652 450 τ’
695 409 803 464 ἐμὴν
829 411 905 453 τοῦ
943 411 1147 461 λέγοντος
1186 413 1255 450 καὶ
1284 407 1363 459 τὴν
1387 411 1473 450 τῶν

124 480 375 529 δυναμένων
421 479 690 527 εὶςακοῦσαι,

125 547 222 586 τίνα
260 543 533 599 μαθήσεται.

125 627 273 654 aava·
314 609 362 654 τὸ
402 611 439 654 δ’

127 677 207 721 οὐκ
253 677 310 720 ἄν
360 696 467 722 ποτε
519 679 651 730 δόξειε
702 678 756 721 δι’

125 746 444 801 ἀστρονομίαν.

809 679 1014 733 ἀπειρίαν

746 478 1003 531 θεοσεβείας
1045 470 1169 530 ᾧτινι
1215 476 1365 531 τρόπῳ
1409 494 1472 527 τις

571 544 724 598 σχεδὸν
758 549 837 599 μὲν
872 538 952 586 οὖν
977 547 1092 585 ἐστὶν
1128 542 1301 586 ἄτοπον
1339 543 1472 586 ἀκού·

484 612 628 664 ὄνομα
667 611 807 654 αὐτοῦ
858 614 1037 665 λὲγομεν
1075 609 1195 663 ἡμεῖς
1238 629 1301 663 γε,
1348 610 1370 653 ὅ
1409 628 1475 662 τις

1060 680 1138 720 τοῦ
1199 678 1474 731 πράγματος,

490 745 708 800 ἀγνοεῖτε,
755 744 822 788 ὅτι
870 744 1137 801 σοφώτατον
1174 744 1349 796 ἀνάγκη
1399 748 1476 788 τον

125 813 314 864 άληθῶς
357 812 642 869 ἀστρονόμον
691 813 823 863 εἶναι,
870 813 929 867 μὴ
980 811 1056 854 τὸν
1105 811 1218 853 καθ’
1264 811 1476 855 Ἡσίοδον

131 941 169 974 Ω.
196 943 312 984 Vulgo
345 949 436 975 erat:
468 944 503 975 εἴ
535 952 583 975 τις
619 937 682 974 οὖν
710 942 737 974 δ.
765 943 846 975 Par.
880 944 921 976 A.
949 949 982 974 et
1015 954 1065 984 pr.
1100 941 1137 973 Ω.
1171 938 1231 973 εἴτ’
1267 938 1346 977 οὖν,

127 991 250 1030 nuperi
288 990 439 1022 editores
476 996 693 1031 receperunt.

128 1041 162 1067 et
186 1046 238 1077 pr.
271 1033 309 1068 Ω.

226 1082 266 1113 Ρ.
294 1081 372 1114 990.

128 1241 171 1271 in
207 1250 256 1272 ea
291 1249 386 1272 esse
432 1241 681 1281 sententia,
728 1245 770 1271 ut

128 1287 237 1317 hano
286 1287 418 1318 talem
467 1292 596 1329 atque
644 1297 770 1328 prae-

129 1334 513 1364 stantissimam
565 1337 769 1364 naturam

129 1379 235 1410 haec
261 1379 435 1411 discere
462 1384 666 1420 oportere
692 1384 771 1410 sta-

129 1430 262 1456 tuam.
314 1424 417 1463 Quod
443 1436 506 1457 nos
535 1426 675 1466 quidem
700 1436 770 1456 am-

128 1471 350 1512 plectendum
377 1472 600 1503 arbitramur.
642 1471 770 1509 Quam-

129 1518 248 1549 obrem
267 1528 401 1550 eomma
428 1524 508 1560 post
534 1518 637 1549 ταῦτα
658 1522 772 1549 sustu·

129 1564 244 1600 limus,
273 1565 434 1606 idemque
459 1570 540 1605 post
565 1561 694 1605 ἀνάγκη
719 1565 771 1594 in-

130 1611 377 1650 terposuimus.
447 1611 503 1642 Ad
539 1610 665 1649 μαθεῑν
699 1619 771 1640 non

132 1666 220 1697 opus
249 1667 342 1697 esse,
374 1662 412 1688 ut
442 1655 512 1687 δεῖν
543 1657 772 1696 intelligatur,

131 1703 348 1779 {stendimus
374 1703 418 1734 ad
433 1702 618 1744 Protagor.
644 1713 677 1743 p.
691 1701 770 1735 346.

177 1793 219 1824 E.
246 1792 298 1835 τῷ
318 1803 356 1823 τε
379 1790 489 1835 λόγῳ
516 1792 772 1833 διεξελθεῖν,

132 1836 188 1880 ἄ.]
214 1839 257 1870 In
282 1839 337 1870 his
374 1849 413 1870 τε
446 1849 522 1871 eum
554 1840 686 1871 Astio
721 1840 772 1870 vi-

132 1886 262 1916 tiosum
281 1889 452 1924 putamus.
489 1885 579 1916 Nam
598 1886 655 1926 qui
684 1885 770 1916 illud

133 1935 344 1963 censuerunt
388 1932 601 1971 respondere
641 1932 690 1962 illi
730 1941 772 1966 ιε,

135 1977 230 2018 quod
266 1977 382 2007 verbis
413 1975 494 2008 κατὰ
531 1975 673 2015 δύναμιν
708 1974 772 2016 τήν

134 2019 166 2054 ι’
194 2019 277 2063 ἐμὴν
302 2023 545 2063 interpositum
573 2028 636 2062 est,
663 2024 772 2054 iinon

135 2070 299 2101 videntur
331 2069 416 2100 satis
449 2071 681 2110 reputavisse,
719 2069 773 2100 vel

135 2115 402 2147 collocationem
438 2116 581 2147 voculae
606 2120 686 2156 post
717 2113 776 2155 τήν

134 2162 320 2193 articulum
365 2161 483 2192 illatae
520 2161 601 2192 huic
646 2162 775 2192 rationi

133 2209 321 2249 plurimum
347 2207 538 2239 adversari.
578 2207 636 2239 Me
662 2209 691 2239 si
718 2217 777 2238 au-

135 2255 205 2291 dis,
238 2254 295 2285 hic
327 2263 467 2294 quoque
502 2264 534 2285 τε
558 2254 592 2285 in
620 2264 656 2294 γε
681 2263 773 2285 com-

136 2300 337 2331 mutandum
364 2300 533 2331 censebis.
585 2299 722 2340 Quippe
739 2311 775 2341 γε

136 2347 186 2376 ita
210 2355 282 2375 non
307 2347 544 2386 restringendi
578 2351 638 2377 aut
663 2347 774 2377 minu-

138 2391 239 2425 endi,
273 2391 334 2421 sed
368 2392 559 2423 extollendi
589 2394 623 2423 vi
655 2397 688 2424 et
713 2403 774 2433 po-

136 2441 262 2468 testate
291 2438 453 2478 ponitur,
489 2443 528 2469 ut
560 2439 620 2469 sit:
655 2449 774 2470 cone-

137 2493 227 2515 mur
271 2491 377 2523 ergo
425 2484 630 2515 oratione
669 2483 775 2517 adeo

136 2529 350 2570 persequi
377 2534 438 2561 ctr.
489 2529 651 2561 Ceterum
676 2532 780 2562 etiam

137 2576 268 2607 Plato
308 2575 416 2616 Legg.
456 2575 537 2607 VII.
574 2586 607 2616 p.
632 2575 674 2609 81
705 2600 712 2607 .
739 2576 766 2608 C

139 2640 180 2645 —-
221 2620 298 2654 822.
337 2621 382 2651 D.
421 2621 543 2661 docet,
579 2622 778 2654 hominibus

138 2668 300 2708 ingenuis
323 2668 434 2698 tribus
467 2668 663 2708 disciplinis
689 2679 777 2709 opus

139 2723 232 2752 esse,
259 2713 499 2753 arithmetica,
525 2715 720 2753 geometria
745 2720 778 2746 et

140 2760 372 2801 astronomia3
409 2760 506 2791 cuius
546 2760 695 2800 vestigia
736 2761 776 2792 li-

185 2814 272 2849 Plat.
301 2814 388 2857 Opp.
417 2816 495 2847 Vol.
522 2816 568 2849 X.
596 2815 689 2851 Sect.
715 2816 772 2849 111

1381 945 1472 985 quod

742 990 840 1022 Istud
879 998 926 1020 τις
961 1001 1027 1021 om.
1057 990 1099 1021 A.
1140 989 1242 1020 Voss.
1281 989 1475 1021 Florentini

422 1077 635 1122 ἀγνοεῖτε.
670 1078 732 1112 ὅτι
770 1080 1042 1124 σοφώτατον]
1081 1081 1184 1112 Voss.
1215 1077 1402 1120 ἀγνοεῖτε,
1442 1088 1477 1113 ut

129 1129 269 1168 scripsit
296 1127 500 1159 Schneider.
526 1138 557 1158 v.
588 1128 776 1168 Explicatt.

839 1240 918 1271 belli
945 1244 1067 1271 auctor
1102 1245 1270 1280 sequutus
1306 1246 1367 1272 est.
1425 1241 1477 1272 De

839 1297 903 1317 usu
930 1287 1192 1326 disciplinarum
1219 1287 1477 1318 mathematica-

839 1343 914 1363 rum
956 1333 992 1363 in
1028 1332 1131 1363 rebus
1168 1333 1330 1365 civilibus
1373 1339 1478 1374 atque

840 1378 1064 1420 philosophia
1111 1389 1264 1410 summus
1323 1381 1479 1421 philoso-

839 1425 927 1466 phus
954 1426 1109 1464 disputat
1133 1425 1312 1457 etiam‘De
1330 1427 1478 1467 Republ.

844 1471 926 1502 VII.
954 1482 986 1512 p.
1013 1470 1092 1504 5¹22.
1119 1482 1195 1512 sqq.

910 1515 1160 1556 δυναμένων
1210 1517 1478 1555 είςακοῦσαι,

840 1563 1106 1603 θεοσεβείας
1132 1582 1174 1586 -
1201 1572 1260 1594 τις
1295 1566 1386 1595 τίνα
1411 1575 1478 1602 μα-

840 1608 1056 1650 θήσεται]
1101 1610 1215 1649 Vulgo
1243 1612 1373 1642 omisso
1399 1615 1480 1652 post

840 1655 1037 1687 εἰςακοῦσαι
1063 1661 1232 1687 commate
1257 1662 1338 1697 post
1353 1656 1478 1688 θεοσε-

841 1702 937 1742 βείας
964 1703 1245 1742 distinguebatur
1271 1708 1304 1733 et
1319 1704 1399 1734 dein
1426 1705 1479 1733 τίς

842 1760 914 1779 τινα
939 1759 971 1786 μ.
1000 1749 1224 1780 scribebatur.
1262 1750 1363 1784 Quod
1377 1759 1477 1780 nemo

841 1805 910 1826 non
938 1795 1033 1826 videt
1058 1795 1322 1836 perversissime
1353 1797 1402 1826 ita
1427 1796 1477 1827 fa-

841 1846 930 1872 ctum
958 1850 1045 1872 esse.
1101 1839 1320 1881 Quamquam
1353 1843 1478 1873 editio-

839 1898 899 1918 nes
920 1897 1039 1918 omnes
1055 1892 1193 1927 praeter
1210 1887 1477 1925 Schneider..

840 1943 928 1973 quae
952 1932 1034 1964 huic
1053 1938 1195 1964 nostrae
1222 1934 1478 1966 emendationis

839 1979 976 2009 laudem
1002 1980 1205 2019 praeripuit,
1232 1984 1366 2012 veteres
1385 1981 1480 2020 quis-

843 2025 969 2065 quilias
995 2025 1171 2056 mordicus
1198 2030 1325 2056 tenent.
1369 2026 1481 2057 Nimi-

843 2081 917 2101 rum
943 2080 1043 2110 nune,
1069 2071 1248 2102 lenissima
1268 2071 1479 2103 factainter-

843 2117 1043 2157 punctionis
1069 2122 1103 2148 et
1127 2122 1290 2149 accentus
1316 2119 1480 2149 mutatio-

844 2173 905 2202 ne,
932 2163 967 2192 in
994 2164 1115 2194 oeulos
1140 2164 1297 2196 incurrit
1324 2165 1481 2196 ordinem

847 2209 1030 2240 verborum
1051 2210 1143 2241 hunc
1169 2220 1260 2241 esse.
1287 2204 1378 2251 ῷτιιι
1405 2209 1480 2251 τρό-

845 2266 894 2296 πῳ
931 2263 979 2285 τις
1012 2257 1084 2286 τίνα
1126 2254 1334 2296 θεοσεβειας
1366 2254 1480 2298 μαθη·

844 2310 945 2332 σεται.

889 2347 928 2378 P.
956 2346 1034 2380 990.
1084 2342 1294 2388 ἀγνοεῖτε,
1324 2346 1386 2379 ὅτι
1414 2358 1478 2379 σο-

845 2390 1063 2433 φώτατον]
1099 2393 1214 2425 Locus
1239 2396 1386 2426 multum
1410 2395 1479 2426 sol-

843 2440 1007 2471 licitatus.
1034 2439 1183 2470 Astius
1208 2441 1392 2480 legendum
1417 2452 1478 2482 pu-

844 2490 910 2518 tat:
943 2480 1007 2524 ἆρα
1031 2488 1139 2515 νοεῖτε
1171 2504 1203 2507 -
1236 2484 1393 2526 Quaem&
1425 2487 1480 2519 vel

847 2527 911 2562 οι’κ
937 2527 1090 2572 ἀγιοεῑτε
1115 2528 1264 2571 φύσεως.
1278 2531 1283 2533 “
1323 2533 1478 2575 Voege

845 2578 960 2609 linus
997 2578 1086 2608 coni.
1136 2573 1304 2619 ἀγνοεῖται
1340 2576 1389 2610 ὅτι
1424 2581 1479 2612 vel

844 2621 959 2664 ἀγιοε
966 2634 1090 2665 ταιγαρ
1105 2635 1166 2654 οτι
1183 2623 1482 2658 Schneiderus

849 2670 1008 2702 Vossiani
1035 2670 1164 2723 codi'cis
1191 2677 1358 2712 sequutus
1377 2674 1481 2704 vesti-

845 2717 904 2757 gia
934 2716 1061 2747 edidit:
1099 2711 1218 2756 α’γιοεῐ
1248 2729 1295 2756 τε,
1332 2715 1394 2772 515,
1419 2719 1480 2759 hy-

843 2764 981 2804 postole
1007 2766 1088 2803 post
1113 2759 1344 2804 dozpov‘tomaz
1370 2766 1404 2796 in
1431 2766 1485 2796 lo‘

1152 2809 1205 2850 34

666 274 924 331 πειρώμεθα
962 272 1013 325 δὴ
1060 277 1118 328 τῷ
1170 291 1211 316 τε
1255 272 1369 328 λόγῳ
1408 276 1468 315 δι·
1515 285 1547 325 14]

1504 495 1586 536 900
