1781 2971
286 137 367 178 344

794 134 1168 178 PLATONIS

284 258 509 308 μέγιστον,
555 249 637 302 τὴν
675 252 752 302 τῆς
799 255 992 310 κεφαλῆς
1027 256 1099 297 καὶ
1145 253 1296 296 ποδῶν
1342 250 1530 307 δύναμιν
1575 250 1636 307 μὴ

287 321 570 378 διαφθείρειν
607 319 657 378 τῇ
695 320 783 360 τῶν
817 317 1063 375 ἀλλοτρίων
1098 317 1419 374 σκεπασμάτων
1460 336 1636 374 περικα-

287 387 426 445 λυφῇ,
471 383 554 437 τὴν
600 386 688 427 τῶν
736 388 906 428 οἰκείων
961 385 1245 437 ἀπολλύντας
1295 388 1431 429 πίλων
1476 403 1519 428 τε
1564 389 1637 428 καὶ

215 456 253 497 Ε
285 450 590 508 ὑποδημάτων
626 457 792 504 γένεσιν
831 455 903 495 καὶ
939 454 1095 511 ᾳύσιν·
1132 456 1276 496 ταῦτα
1314 451 1400 509 γὰρ
1437 452 1637 508 ἀκρωτή-

285 536 360 575 ρια
395 517 505 562 ὄντα
542 517 766 573 σωζόμενα
806 535 848 561 τε
884 522 968 574 ἔχει
1002 527 1208 574 μέγιστην
1244 518 1433 573 δύναμιν
1469 518 1638 569 παντὸς

282 587 363 629 τοῦ
401 585 625 641 σώματος,
671 587 744 628 καὶ
783 584 1048 629 τούναντίον
1083 590 1310 637 ἐναντίως,
1357 589 1428 629 καὶ
1469 583 1520 628 τὸ
1558 589 1637 640 μὲν

281 652 672 711 ὑπηρετικώτατον
716 650 884 695 ἅπαντι
926 656 985 708 τῷ
1022 653 1211 709 σώματι.

375 781 417 815 Ε.
466 778 632 814 ἁπάσας
660 780 898 826 αἰσθήσεις
922 779 1088 826 αὐτοῦ]
1139 782 1197 815 Sic
1232 784 1272 815 A.
1303 783 1352 816 Ω.
1387 795 1425 818 ιι.

285 827 410 861 αὐτοῦ.

1257 654 1307 697 τὸ
1347 656 1391 696 δὲ
1440 651 1637 709 ἀρχικώ-

1392 783 1418 797 μ(

1458 793 1521 826 pro
1547 784 1637 826 vulg.

377 875 417 908 P.
442 874 522 909 943.
569 871 748 907 ἀκούειν
774 873 847 907 τὸν
872 874 996 917 νέον]
1051 874 1089 907 V.
1124 872 1184 906 τὸν
1215 874 1294 906 νέον
1326 871 1488 915 ἀκούειν,
1522 874 1638 907 invitis

286 987 396 1019 minus
428 991 591 1020 accurate
626 992 685 1019 aut
718 988 842 1019 vitiose
877 986 929 1018 di·-

285 1038 396 1073 ctum,
452 1034 649 1075 neutiquam
699 1033 930 1074 assequimur,

284 1078 456 1120 siquidem
492 1090 531 1121 γε
557 1080 656 1121 plane
682 1079 712 1110 vi
738 1089 798 1111 sua
827 1084 928 1119 atque

284 1125 420 1167 propria
448 1127 556 1167 pollet
592 1126 752 1167 adeoque
779 1125 927 1167 positum

284 1174 339 1204 est
365 1171 633 1212 elegantissime.
682 1171 802 1212 Neque
828 1171 930 1201 aliter

283 1217 478 1249 iudicamus
505 1217 549 1249 de
581 1217 667 1249 locis
706 1217 818 1249 Plat.
854 1215 928 1248 Me-

283 1272 361 1295 nex.
393 1273 425 1304 p.
459 1262 538 1296 244.
573 1261 612 1294 Ε.
673 1263 778 1294 Alcib.
812 1262 857 1294 Il.
893 1272 925 1303 p.

283 1307 361 1342 143.
389 1308 428 1343 B.
456 1309 510 1340 καὶ
536 1307 575 1340 τό
601 1319 639 1350 γε
659 1308 813 1349 ἔσχατον.
842 1307 924 1339 Xe-

283 1353 411 1396 nopli.
457 1355 554 1388 Hier.
606 1354 669 1386 IX.
719 1355 749 1389 7.
794 1354 848 1385 καὶ
888 1351 925 1384 τὸ

283 1399 420 1432 πάντων
462 1412 500 1443 γε
535 1398 798 1443 χρησιμώτατον.
857 1399 923 1441 Cy-

282 1457 356 1488 rop.
394 1447 435 1477 V.
470 1447 500 1484 1,
525 1447 582 1481 23.
618 1446 673 1477 καὶ
702 1444 740 1477 ιό
768 1445 926 1487 μέγιστον

283 1490 337 1534 δή.
388 1491 471 1524 lbid.
502 1493 538 1525 V.
571 1493 603 1527 5.
637 1492 691 1526 24.
727 1493 922 1525 Oeconom.

281 1538 338 1578 21,
367 1538 420 1571 11.
449 1539 493 1570 al.

327 1581 400 1625 τὴν
431 1585 502 1626 τῆς
544 1584 741 1626 κεφαλῆς
781 1584 850 1615 καὶ
891 1594 924 1615 π.

282 1628 534 1668 δύναμινὶ
587 1630 741 1662 Eandem
785 1633 924 1661 senten-

279 1677 359 1708 tiam
405 1677 556 1707 illustrat
600 1675 816 1708 Herodot.
861 1675 922 1706 ΙΙΙ.

279 1722 334 1755 12.
367 1731 467 1762 quem
504 1721 641 1762 quidem
677 1723 790 1753 locum
820 1721 923 1752 Val-

280 1769 450 1800 ckenar.
499 1769 644 1809 putabat
701 1766 835 1798 Platoni
877 1767 921 1798 ob

278 1814 399 1844 oculos
433 1819 607 1845 versatum
636 1823 723 1845 esse.
777 1814 809 1844 lu
836 1823 918 1844 ean-

279 1859 356 1890 dem
384 1869 456 1890 rem
485 1861 626 1901 copiose
655 1859 809 1899 disputat
836 1858 918 1890 Mu·

279 1906 431 1936 sonius
457 1916 513 1945 ap.
542 1905 641 1936 Stoi).
676 1904 786 1935 Serui.
821 1904 848 1934 I.
883 1915 915 1945 p.

279 1951 333 1985 17.
363 1954 397 1982 et
428 1950 624 1983 LXXXlIl.
654 1960 685 1991 p.
711 1950 788 1983 489.
818 1960 858 1979 z
887 1961 919 1990 p.

278 1996 356 2030 199.
399 1997 440 2028 ed
487 1997 701 2037 Peerlkamp.
742 2015 782 2019 —
841 1996 918 2026 τῶν

279 2038 515 2082 ἀλλοτρίων
583 2039 917 2083 σκεπασμάτων,

278 2093 635 2129 tegumentorum
662 2088 919 2127 alienorum,

278 2133 311 2165 id
347 2138 414 2173 est,
448 2143 528 2166 non
562 2134 810 2165 nativorum
848 2143 918 2165 ne-

275 2189 354 2221 que
380 2178 429 2211 ad
457 2183 655 2212 naturam
684 2179 852 2220 capitis
878 2183 919 2210 et

277 2225 432 2266 pedum
470 2226 564 2258 ullo
605 2224 731 2258 modo
775 2226 918 2265 perti-

278 2273 470 2304 nentium
518 2270 598 2304 sed
635 2270 810 2302 aliunde
841 2269 919 2302 ad-

277 2317 506 2350 scitorum.
559 2317 618 2348 Sic
644 2316 698 2348 De
716 2316 919 2357 Rep.v1n.

277 2373 309 2404 p.
343 2363 421 2397 556.
447 2364 500 2405 D:
539 2361 666 2394 πολλὰς
695 2362 802 2402 ἔχοντι
835 2360 915 2403 σάρ-

278 2417 339 2440 κας
363 2408 550 2450 ἀλλοτρίας.
606 2408 754 2441 Plinedr.
779 2419 811 2450 p.
836 2409 914 2442 239.

278 2454 326 2486 C:
368 2451 559 2496 ἀλλοτρίοις
593 2454 743 2496 χρώμασι
777 2472 815 2478 --
858 2465 915 2485 κο-

276 2498 481 2539 σμούμενον.
531 2501 581 2532 De
599 2501 697 2541 pileis
724 2505 757 2533 et
783 2500 916 2532 calcca-

277 2547 400 2577 montis
437 2546 478 2577 nd
506 2546 682 2578 mollitiem
711 2546 916 2578 facientibus

276 2592 381 2623 multu
419 2602 462 2623 ex
518 2592 667 2624 Graecis
711 2598 744 2625 et
785 2591 917 2623 Latinis

274 2637 501 2678 scriptoribus
562 2637 717 2678 disputat
786 2638 912 2670 Hem-

275 2681 472 2717 sterlius.
514 2682 558 2714 ad
599 2684 732 2717 Pollnc.
789 2683 915 2716 Ouum.

276 2728 315 2761 Χ.
343 2728 398 2763 50.
441 2739 474 2772 ρ.
516 2729 617 2765 1203.
685 2729 914 2772 participium

998 982 1210 1018 ἀπολλύντας
1246 985 1464 1018 referendum
1507 985 1550 1018 ad
1592 997 1637 1017 τι-

998 1030 1069 1069 νάς,
1096 1034 1195 1064 cuins
1213 1032 1309 1064 notio
1336 1032 1367 1063 in
1387 1032 1550 1064 infinitivo
1575 1032 1638 1064 ali-

999 1078 1088 1110 unde
1106 1078 1281 1120 pendente
1305 1078 1513 1110 continetur.
1550 1077 1637 1110 Nam

1000 1125 1107 1156 etiam
1153 1125 1320 1165 pluralem
1370 1133 1547 1156 numerum
1591 1124 1638 1155 itu

997 1170 1180 1211 usurpari,
1217 1170 1281 1202 iam
1324 1169 1402 1200 alibi
1448 1168 1637 1202 identidem

999 1216 1235 1248 ostendimus:
1277 1225 1482 1256 quamquam
1530 1216 1639 1248 usita-

996 1263 1064 1294 tius
1099 1261 1202 1294 suerit
1234 1257 1436 1293 ἀπολλύντα.
1469 1280 1512 1285 —
1568 1262 1636 1292 πί-

995 1308 1093 1345 λων,
1119 1307 1396 1348 capillorum.
1435 1325 1475 1332 —
1525 1304 1637 1339 ὕπο·

996 1352 1214 1394 δημάτων,
1243 1354 1349 1385 calli
1385 1354 1575 1385 solorum
1607 1363 1635 1385 s.

994 1401 1268 1441 plantarum,
1301 1409 1388 1440 quae
1419 1404 1498 1431 sum
1536 1400 1636 1440 quasi

994 1447 1108 1478 natiia
1142 1442 1355 1487 ὑποδήματα.
1395 1463 1435 1469 -
1493 1440 1635 1486 ἄκρω-

997 1489 1138 1533 τήρια,
1187 1492 1345 1533 corporis
1393 1501 1551 1523 summae
1601 1496 1638 1524 et

995 1539 1131 1571 infimae
1157 1544 1286 1579 partes,
1317 1548 1345 1570 s.
1379 1538 1635 1578 extremitates,

994 1594 1078 1625 quas
1106 1586 1209 1626 uulgo
1236 1583 1365 1615 dicunt.

1041 1631 1080 1662 P.
1113 1630 1193 1664 943.
1252 1629 1441 1660 ἔπαινον
1480 1627 1555 1668 μὲν
1588 1625 1632 1668 δη

995 1677 1182 1712 τοῦτον,
1217 1671 1434 1716 ἀκούειν]
1518 1674 1635 1706 locus

992 1723 1113 1763 procul
1148 1714 1252 1753 dubio
1286 1721 1443 1752 vitiatus
1499 1720 1634 1753 Quam-

991 1768 1110 1800 obrem
1139 1769 1301 1800 Astius
1328 1765 1545 1800 scribendum
1569 1777 1634 1807 pu-

990 1815 1103 1846 tabat:
1147 1812 1221 1852 ἑμοὶ
1261 1811 1395 1852 δοκεῖν,
1437 1812 1528 1853 quod
1572 1821 1634 1853 per

989 1858 1206 1902 parenthesin
1245 1864 1428 1900 acceptum
1462 1857 1634 1897 signifiea-

990 1910 1059 1937 ret:
1086 1910 1288 1946 quantum
1319 1904 1419 1936 milii
1447 1903 1634 1937 videtur.

990 1951 1384 1983 Winckelmannus
1410 1954 1526 1982 autem
1553 1960 1633 1981 cur-

987 1998 1117 2039 rigebat
1135 1998 1218 2038 χρῆν
1244 1996 1446 2028 διδάσκει
1459 2007 1487 2026 ν.
1539 1995 1632 2028 Neu·-

990 2048 1041 2074 tra
1062 2044 1257 2075 emendatio
1275 2043 1374 2074 nobis
1393 2043 1532 2074 omnino
1549 2051 1631 2084 pro-

992 2089 1101 2121 batur.
1153 2088 1318 2121 Fortasse
1356 2087 1631 2120 emendandum:

988 2132 1049 2175 χρὴ
1076 2133 1164 2166 δεῖν
1191 2135 1264 2166 πολ.
1283 2135 1356 2174 περὶ
1380 2133 1473 2173 βίον.
1524 2131 1631 2167 Quod

990 2181 1116 2212 dictum
1155 2185 1208 2212 est
1238 2185 1273 2212 ut
1303 2180 1392 2213 Libr.
1421 2179 1462 2212 V.
1491 2189 1523 2219 p.
1552 2179 1629 2213 731.

990 2225 1044 2257 D:
1087 2225 1157 2257 δεῖν
1208 2225 1357 2269 πρέπερν,
1411 2225 1631 2257 Demosth.

988 2271 1150 2313 Epitapli.
1186 2282 1217 2312 p.
1259 2271 1355 2305 1399.
1390 2268 1501 2312 ᾤοντο
1536 2269 1629 2302 δεῖν

989 2315 1235 2358 προςήκειν.
1289 2316 1466 2348 Diodor.
1514 2317 1629 2350 XVIl.

985 2363 1062 2397 117.
1079 2359 1514 2404 ἀναγκιιῖονῆγοῦμεθα
1539 2362 1630 2394 δεῖν

984 2407 1028 2450 μὴ
1060 2411 1259 2451 παραλιπεῖν
1293 2406 1408 2440 αι’τιῦν
1449 2407 1533 2440 τοὺς
1572 2407 1626 2440 λό-

985 2466 1078 2497 γους.
1132 2457 1241 2488 plat.
1279 2455 1340 2496 Ep.
1380 2454 1626 2496 V11.p.328.

988 2502 1030 2533 B.
1058 2500 1149 2533 δεῖν
1177 2500 1410 2543 πειρατέον
1435 2496 1532 2532 εἶπαι.
1578 2501 1629 2533 De

987 2548 1144 2579 confusis
1176 2545 1238 2590 χρὴ
1271 2553 1305 2579 et
1336 2547 1420 2588 χρῆν
1452 2557 1482 2578 v.
1515 2546 1626 2588 intpp.

986 2592 1028 2624 nd
1056 2594 1204 2635 Gregor.
1233 2593 1389 2626 Corinth.
1418 2603 1449 2634 p.
1475 2591 1531 2626 58.
1579 2591 1626 2624 Eu

987 2640 1136 2672 lectione
1163 2640 1308 2682 probata
1336 2648 1473 2671 sensum
1504 2638 1626 2670 verbo-

985 2695 1056 2717 rum
1083 2691 1238 2726 apertum
1267 2689 1321 2718 est
1345 2685 1497 2717 existere
1523 2682 1625 2715 hunc-

985 2741 1039 2764 ce:
1067 2731 1229 2774 Itaque
1262 2732 1458 2765 iuvenem
1494 2740 1623 2772 opor-
