1781 2971
177 465 257 507 874

286 147 338 188 88
776 144 1153 187 PLATONIS

287 263 433 318 ψυχῆς
471 259 725 315 ἄνθρωπον
761 259 968 320 στερήσῃ,
1022 260 1137 313 πλὴν
1172 259 1258 303 ὅσα
1294 258 1505 316 κεραυνὸς
1537 259 1560 312 ἥ
1598 276 1638 302 τι

290 325 410 382 παρὰ
452 327 565 368 θεοῦ
603 328 812 369 τοιοῦτον
848 327 974 380 βέλος
1014 326 1105 377 ἱόν,
1150 329 1237 369 τῶν
1283 328 1326 368 δὲ
1371 324 1517 368 ἄλλων
1552 325 1634 369 ὅσα

289 393 410 441 τινὸς
447 391 770 448 προςπεσόντος
806 392 832 444 ὴ
868 390 980 435 αὐτὸ
1018 392 1206 446 ἐμπεσὸν
1245 396 1388 452 κτεινῃ
1427 393 1540 443 τινά,
1575 394 1637 434 δι-

289 457 453 510 καστὴν
489 461 568 509 μὲν
601 458 724 513 αὐτῳ
762 459 980 510 καθιζέτω
1020 459 1107 501 τῶν
1141 459 1349 513 γειτόνων
1385 457 1466 501 τὸν
1513 458 1637 512 ἐγγύ-

288 542 401 568 τατα
449 523 471 566 ὁ
523 541 752 577 προςηκων
796 530 931 579 γένει,
973 524 1304 582 ἀφοσιούμενος
1349 524 1458 580 ὑπὲρ
1496 523 1638 568 αὑτοῦ

289 608 332 636 τε
369 609 439 634 και
480 590 590 647 ὑπὲρ
626 594 703 644 τῆς
738 597 988 646 συγὶενειάς
1027 589 1154 643 ὅλης,
1203 591 1250 634 τὸ
1290 595 1334 635 δὲ
1370 590 1514 650 ὅφλον
1549 592 1636 643 ἐξο-

289 661 440 713 ρίζειν,
480 657 695 715 καθάπερ
732 657 911 716 ὲῤῥηθη
947 655 996 700 τὸ
1032 659 1121 700 τῶν
1155 657 1277 711 ζώων
1315 662 1452 710 γένος.

419 724 524 767 Ἐὰν
568 727 612 769 δὲ
660 724 857 774 τεθνεώς
900 727 981 780 μὲν
1016 717 1073 767 αὖ
1121 741 1185 775 τις
1220 726 1356 785 φανῆ,
1392 722 1558 777 ἄδηλος
1593 726 1638 767 δὲ

290 790 313 833 ὁ
351 795 523 841 κτείνας
558 784 584 851 ᾗ
619 795 693 835 καὶ
730 809 790 846 μη
833 790 1002 844 ἀμελῶς
1046 793 1252 843 ζητοῦσιν
1295 790 1532 848 ανεύρετος
1577 796 1638 844 μ’·

289 874 460 911 γνηται,
499 858 579 907 τάς
600 860 680 912 μὲν
714 855 977 915 προῤῥήσεις
1002 856 1080 907 τὰς
1115 857 1258 907 αὐτὰς
1292 861 1531 913 γίγνεσθαι
1561 875 1640 900 κα·

291 923 445 979 {nimy
483 932 578 974 τοῖς
612 921 789 975 ἄλλοις,
837 923 1154 979 προαγορεύειν
1201 927 1245 966 δὲ
1285 925 1364 967 τὸν
1400 924 1547 982 ᾳ-όνον
1580 925 1640 977 τῷ

290 989 533 1045 δράσαντι,
587 992 657 1032 καὶ
695 988 1065 1044 ἐπιδικασάμενον
1101 996 1146 1033 ἐν
1178 989 1324 1047 ἀγορᾷ
1360 990 1544 1044 κηρῦξαι
1581 991 1640 1043 τῷ

289 1059 509 1100 κτείναντι
557 1055 634 1100 τὸν
672 1059 744 1100 καὶ
787 1053 865 1099 τὸν
908 1059 978 1099 καὶ
1016 1056 1237 1116 ὠφληκότι
1275 1057 1419 1115 φόνου
1453 1055 1513 1111 μὴ
1551 1061 1640 1099 ἐπι-

385 1185 424 1220 Ρ.
451 1184 529 1219 874.
580 1185 900 1228 προαγορεύειν
933 1185 976 1218 δὲ
1003 1185 1074 1218 τὸν
1109 1184 1277 1228 φόνον]
1314 1186 1456 1227 Bipont.
1493 1190 1527 1217 et
1551 1184 1641 1217 Bek-

291 1232 364 1266 ker.
397 1229 689 1273 προςαγορεύειν,
721 1233 816 1274 quod
841 1239 874 1265 et
899 1243 920 1264 a
945 1243 981 1265 re
1006 1234 1157 1265 alienum
1192 1237 1245 1264 est
1269 1237 1303 1264 et
1328 1243 1348 1264 a
1379 1232 1539 1263 codicum
1573 1230 1642 1262 fide

291 1283 398 1320 atque
422 1278 631 1354 αὲοῖοτὶτοτε
656 1279 798 1311 recedit.
854 1278 947 1310 Dein
983 1279 1037 1310 καὶ
1069 1283 1150 1311 ante
1180 1276 1464 1316 ἐπιδικασάμενον
1497 1287 1563 1309 om
1597 1277 1642 1308 A.

292 1328 326 1356 et
375 1334 402 1357 r.

338 1334 402 1401 ἔ.
427 1362 558 1401 οὗτος
584 1367 634 1410 δὴ
660 1366 802 1407 νόμος
834 1364 898 1400 εἷς
924 1365 1042 1410 ἧμῖι]
1078 1364 1155 1409 ἡμῖν
1179 1369 1336 1401 additum
1362 1378 1405 1400 ex
1440 1378 1470 1399 v.
1504 1366 1527 1401 f.
1554 1367 1588 1399 h.
1615 1377 1642 1398 r.

293 1426 323 1448 a.
348 1425 376 1447 c.
401 1412 430 1446 δ.
453 1425 485 1446 0.
513 1419 547 1446 et
570 1425 679 1456 marg.
705 1417 750 1448 A.
778 1425 811 1445 Χ.
838 1424 928 1447 corr.
958 1411 995 1447 Ω.
1023 1413 1186 1446 Ceterum
1213 1415 1255 1445 A.
1284 1419 1318 1446 et
1343 1415 1640 1448 x.incontext11:

293 1458 440 1501 ἄταφον.
469 1453 512 1492 οὗ
539 1458 667 1501 κύρι’ως
691 1461 756 1514 (sic
782 1461 835 1501 A)
863 1461 1016 1498 κείμενος
1051 1460 1105 1491 καὶ
1131 1459 1170 1492 τὰ
1204 1461 1344 1496 τοιαῦτα
1369 1459 1460 1500 μέχρι
1495 1456 1639 1490 τούτων

293 1503 406 1547 οὕτωρ
433 1503 482 1537 ὢν
506 1504 542 1537 δὲ
568 1502 691 1547 ὀρθίας
715 1503 758 1537 ἂν
784 1504 942 1547 καθαρὸς
966 1507 1027 1548 ειη.
1071 1510 1104 1538 et
1127 1507 1163 1538 in
1190 1517 1319 1547 marga
1355 1505 1391 1538 ἐν
1416 1503 1502 1536 ἄλλω
1530 1502 1643 1536 οὕτως

291 1563 416 1594 ευρον.·
447 1545 552 1584 οὗτος
577 1549 618 1593 δὴ
645 1549 752 1592 τόμος
776 1549 824 1584 εἶς
850 1549 926 1594 ἡμῖν
955 1552 1042 1583 ἕσιω
1069 1554 1197 1594 κυρίως
1222 1553 1297 1593 περὶ
1325 1549 1443 1592 φόιου
1477 1552 1640 1590 κείμενος.

290 1665 421 1696 iudicio
448 1664 621 1696 eiusmodi
650 1665 774 1696 caedes
800 1664 933 1697 fuerint

290 1711 478 1749 iudicatae,
504 1711 571 1741 nisi
598 1711 633 1741 in
659 1711 782 1742 eodem
806 1711 879 1750 illo,
896 1711 932 1742 in

289 1767 358 1798 quo
391 1757 516 1788 caedes
542 1766 603 1796 per
628 1766 683 1788 res
722 1757 932 1789 inanimatas

289 1803 401 1835 factae
425 1803 719 1843 disceptabantur.

337 1868 417 1902 ὅσα
453 1867 572 1902 τινὸς
602 1868 934 1912 προεπεσόνιος

291 1913 472 1957 ἢαύτὸ
509 1913 757 1956 ἐμπεσὸν]
806 1926 928 1957 quae,

289 1963 382 1994 sive
415 1963 511 2003 quis
542 1962 583 1993 in
610 1972 659 1994 ea
685 1963 931 1993 offenderit

289 2012 331 2040 et
367 2008 576 2047 irruerit,
623 2009 717 2040 sive
753 2008 851 2048 ipsa
885 2009 929 2039 in

288 2064 376 2085 eum
402 2054 570 2095 illapsa
595 2055 705 2093 sint,
739 2054 929 2093 a!iquem

288 2100 551 2132 occiderint.
609 2098 791 2131 Orationis
817 2100 930 2131 forma

287 2155 409 2177 rursus
434 2150 488 2176 est
513 2145 678 2185 liberior,
709 2145 930 2186 quandoqui-

287 2192 366 2223 dem
391 2195 472 2232 post
497 2188 564 2222 ὅσα
589 2191 752 2232 deinceps
785 2187 806 2231 ἢ
843 2187 928 2222 αὐτὸ

285 2237 451 2276 ἐμπεσόν,
483 2247 628 2269 numero
655 2237 847 2278 singulari,
878 2237 929 2268 in-

287 2283 416 2320 fertur,
449 2283 595 2324 perinde
625 2293 666 2315 ae
698 2284 728 2315 si
754 2279 842 2314 ὅσον
866 2293 927 2315 an-

286 2330 435 2361 teeedat.

333 2375 375 2406 P.
401 2374 479 2410 874.
509 2370 527 2405 ὁ
554 2372 782 2415 προςήκων
803 2392 842 2397 —
864 2373 922 2414 γε’-

289 2421 366 2462 vet]
394 2420 475 2453 Non
503 2421 552 2461 τῷ
577 2419 680 2461 γένει,
705 2421 798 2461 quod
825 2430 924 2461 prae-

287 2472 340 2498 ter
365 2477 463 2498 nsum
490 2466 620 2498 dictum
654 2466 756 2497 foret.
791 2477 821 2498 v.
850 2466 925 2498 De—

288 2512 440 2544 mosth.
473 2511 527 2551 27,
557 2511 590 2545 4.
624 2512 729 2544 Xon.
756 2512 870 2543 Anab.
895 2513 923 2544 Ι.

287 2558 321 2597 6,
350 2558 377 2591 1.
404 2558 547 2599 Eurip.
573 2557 670 2590 Med.
698 2557 798 2592 1304.
823 2558 868 2590 al.

336 2623 379 2657 ιό
406 2624 448 2657 δὲ
475 2622 616 2665 ὅφλον
641 2625 857 2667 ἐξορίζειν
884 2644 924 2649 -

290 2672 388 2713 γένο
401 2671 438 2714 ς]
471 2672 588 2704 Etiam
621 2673 705 2705 haec
736 2683 812 2704 cum
838 2672 921 2712 legi—

288 2719 350 2752 bus
368 2718 494 2751 Atticis
521 2723 729 2759 congruunt,
757 2723 843 2760 qnae²
869 2727 923 2751 res

1000 1663 1193 1704 inanimas,
1235 1663 1362 1704 quibus
1402 1663 1534 1695 homini
1570 1662 1642 1694 for-

1002 1710 1091 1741 tuito
1120 1719 1189 1741 nex
1214 1710 1312 1740 illata
1337 1713 1447 1749 esset,
1480 1714 1579 1740 extra
1603 1709 1642 1740 fi-

1002 1766 1063 1787 nes
1089 1757 1230 1787 Atticae
1255 1756 1430 1796 asportari
1462 1755 1641 1788 iubebant.

1003 1813 1035 1833 v.
1076 1801 1348 1833 Demosthen.
1395 1802 1430 1832 in
1468 1802 1641 1832 Aristocr.

1002 1858 1036 1888 p.
1069 1847 1146 1881 645.
1180 1848 1389 1879 Aeschin.
1423 1857 1450 1878 c.
1486 1846 1642 1888 Ctesiph.

1003 1904 1036 1934 p.
1063 1893 1140 1927 636.
1167 1895 1198 1934 §-
1219 1893 1296 1927 244.
1324 1893 1488 1925 Pollae.
1517 1891 1642 1924 Onom-

1000 1939 1099 1970 VIII.
1129 1939 1204 1972 120.
1255 1938 1474 1970 Matthiae
1504 1939 1527 1970 l.
1555 1949 1582 1970 c.
1609 1949 1642 1980 p.

1000 1984 1077 2018 152.
1105 1985 1364 2017 Schi‘imann.
1391 1985 1580 2026 Antiquitt.
1609 1995 1641 2026 p.

1000 2029 1080 2065 295.

1048 2073 1374 2118 προαγορεύειν
1399 2074 1442 2107 δὲ
1469 2072 1541 2106 τὸν
1568 2073 1641 2114 φό-

999 2132 1079 2152 νον
1102 2122 1162 2164 -]
1210 2122 1253 2154 V.
1290 2131 1322 2162 p.
1350 2120 1429 2155 871.
1463 2122 1506 2152 Α.
1532 2121 1571 2152 Β.
1593 2139 1642 2174 ’-

1001 2178 1050 2209 ἴῳ
1085 2177 1300 2198 nlecvavtt
1348 2178 1424 2197 lov
1456 2178 1520 2198 καί
1560 2177 1641 2203 ἴον,

999 2215 1055 2252 ei,
1081 2213 1153 2254 qui
1178 2213 1291 2244 hunc
1320 2213 1537 2244 velillum
1571 2223 1641 2244 oc-

998 2260 1178 2297 ciderit3
1213 2259 1515 2300 demienigom
1542 2259 1637 2290 wel-

998 2306 1098 2337 cher
1140 2304 1214 2337 den
1249 2316 1280 2336 ιι.
1319 2304 1393 2336 den
1436 2304 1642 2345 getbdtet

997 2351 1087 2389 han
1125 2361 1196 2392 qno
1229 2361 1292 2383 nos
1324 2361 1464 2392 quoque
1497 2351 1639 2391 utimur,

996 2398 1055 2429 ubi
1081 2402 1215 2429 certum
1241 2397 1390 2429 alicuius
1416 2406 1542 2436 nomen
1576 2407 1639 2429 no-

994 2443 1107 2475 lumus
1132 2443 1252 2482 edere,
1294 2443 1423 2484 quippe
1447 2443 1498 2474 rei
1523 2452 1638 2474 exem-

996 2489 1091 2530 plum
1111 2489 1272 2520 universe
1289 2493 1422 2520 tantum
1436 2488 1635 2520 afferentes.

1043 2534 1082 2567 B.
1135 2535 1201 2566 καὶ
1234 2530 1452 2576 ὠφληκότι
1490 2532 1638 2574 φόνου

995 2578 1046 2622 μὴ
1090 2579 1360 2622 ἐπιβαίνειν]
1398 2581 1508 2612 Attici
1549 2581 1638 2613 iuris

995 2627 1115 2659 eadem
1133 2628 1167 2659 in
1186 2637 1310 2659 caussa
1336 2626 1422 2659 haec
1440 2631 1515 2659 erat
1530 2627 1636 2660 ratio.

995 2671 1032 2703 Si
1060 2674 1137 2715 quis
1163 2674 1299 2706 occisus
1326 2677 1400 2705 erat
1423 2673 1544 2713 aliquo
1563 2673 1636 2704 telo

995 2720 1230 2762 cuiuscunque
1244 2720 1393 2761 generis,
1412 2722 1534 2751 auctor
1559 2728 1634 2752 cae-
