1781 2971
218 135 299 177 DE
333 134 606 179 LEGIBUS
641 135 755 177 11113.
794 135 849 178 X.
882 136 931 177 P.
964 137 1059 177 909.
1094 137 1187 178 910.
1223 137 1288 179 St.
1369 137 1450 178 239

102 254 280 296 τοιῶνδε
312 254 446 308 χάριν
478 257 600 296 ἔστω.
639 252 733 308 ιἐρα
773 256 846 295 καὶ
883 252 1023 303 θεοὺς
1060 252 1114 295 οὐ
1134 251 1291 311 ῥᾴδιον
1311 254 1450 309 ἱδρύε-

100 323 237 370 σθαι,
279 323 472 374 μεγαλης
515 322 560 363 δὲ
606 322 806 370 διανοίας
861 319 981 370 τινὸς
1027 320 1183 374 ὀρθῶς
1235 322 1348 376 δρᾶν
1402 319 1451 362 τὸ

102 389 331 437 τοιοῦτον,
380 390 492 437 ἔθος
536 403 580 430 τε
624 387 795 440 γυναιξί
840 405 884 430 τε
930 387 982 438 δὴ
1029 388 1330 443 διαφερόντως
1367 388 1451 429 πα·

99 470 195 503 σαις
230 457 301 496 καὶ
340 462 432 505 τοῖς
467 454 719 498 ἀσθενοῦσι
755 455 901 514 πάντῃ
939 459 1011 497 και
1047 453 1348 498 κινδυνεύουσι
1381 457 1455 497 καὶ

100 520 350 576 ἀποροῦσιν
385 520 473 581 ὅπῃ
510 539 575 572 τις
606 520 666 564 ἂν
702 520 875 579 ἀπορῇ,
927 523 1001 563 καὶ
1032 519 1298 564 τούναντίον
1343 520 1454 564 ὅταν

101 588 312 644 εὐπορίας
357 588 474 638 τινὸς
519 589 766 643 λάβωνται,
818 590 1067 643 καθιεροῦν
1120 605 1165 630 τε
1210 587 1259 630 τὸ
1306 587 1455 642 παρὸν

100 656 169 699 ἀεὶ
215 659 287 698 καὶ
333 658 501 705 θυσίας
548 655 759 710 εὔχεσθαι
799 657 870 697 καὶ
923 654 1108 711 ἱδρύσεις
1142 652 1457 709 ὑπισχνεῖσθαι
1501 686 1503 690 -

106 726 236 771 θεοῖς
269 726 343 765 καὶ
381 724 555 776 δαίμοσι
592 725 665 764 καὶ
702 724 827 763 παισὶ
863 723 1014 771 θεῶν,
1059 725 1102 764 ἔν
1144 737 1188 763 τε
1225 721 1455 778 (χάσμασιν

102 788 402 844 ἐγρηγορότας
434 791 507 831 δια
545 789 718 845 φόβους
754 791 827 831 καὶ
863 793 908 830 ἐν
944 788 1153 843 ὀνείροις,
1199 786 1256 837 ὡς
1293 787 1332 830 δ’
1375 786 1454 830 αὕ-

195 917 234 949 Ε.
287 913 352 953 οἷς
387 917 540 959 ἁγνεία
572 917 626 960 L]
657 916 790 959 ἁγνεῖαι
821 926 871 958 pr.
899 917 947 948 It.
975 927 1005 950 v,
1033 927 1058 948 ι“.
1085 916 1115 948 ὁ.
1165 917 1251 949 Dein
1289 917 1456 958 ἐπιμελεῖς

102 974 131 995 ν.
161 974 185 995 r.
214 974 245 996 x.
275 967 309 995 et
337 973 386 1003 pr.
421 962 460 996 Ω,
519 964 606 997 Tum
641 963 857 995 σι-νειιέεοθω
896 966 934 994 Α.
962 973 1015 1004 ap.
1048 962 1141 994 Bast.
1176 967 1211 995 et
1235 964 1282 995 Ω.
1312 964 1332 995 f.
1361 975 1394 996 o.
1421 974 1453 996 x.

102 1009 172 1041 Pro
201 1007 240 1045 ὃς
268 1007 310 1040 ἄν
334 1010 392 1042 ἐθ.
421 1011 466 1042 Α.
493 1020 522 1041 v.
549 1020 574 1042 r.
602 1021 632 1042 a.
659 1009 690 1044 ὃ.
718 1013 752 1041 et
779 1019 827 1049 pr.
861 1005 898 1039 Ω.
925 1005 965 1039 ὃν
989 1007 1033 1039 ἄν
1059 1011 1115 1040 ἐθ.

101 1121 238 1163 generis
280 1120 440 1161 exempla
479 1120 544 1153 alia
587 1122 640 1154 vel
682 1130 750 1152 uon

104 1170 314 1208 suppetente
348 1166 405 1197 tali
432 1166 659 1198 excusatione
688 1166 750 1198 eti-

103 1222 159 1245 am
199 1213 280 1244 alibi
326 1212 468 1253 reperiri
516 1212 747 1245 meminimus.

103 1257 203 1291 Nunc
228 1258 261 1290 in
288 1261 426 1299 promtu
453 1257 620 1290 habemus
646 1257 748 1292 haec:

103 1303 250 1338 Theaet.
265 1315 299 1346 p.
320 1303 400 1337 201.
418 1306 457 1335 A.
483 1304 614 1336 οὐκοῦν
637 1301 750 1335 τοῦτο’

103 1361 139 1391 γε
171 1350 337 1392 βραχείας
370 1350 539 1391 σκέψεως,
573 1360 620 1382 sc.
646 1350 747 1381 ἐστίν.

104 1395 212 1437 Legg.
243 1396 266 1427 Ι.
293 1406 325 1437 p.
354 1395 432 1429 627.
460 1395 500 1426 B.
531 1397 747 1437 μακροτέρου

818 1120 947 1152 kium.
981 1119 1136 1151 Cicero
1170 1119 1370 1153 Tusc.111.
1398 1121 1453 1155 29.

819 1165 1009 1198 Accedit
1059 1167 1328 1207 superstitio
1369 1177 1454 1199 inu-

817 1212 980 1244 liebris
1019 1211 1254 1253 quaedam3
1303 1213 1454 1245 existi-

818 1262 932 1290 mant
957 1258 1090 1298 enim,
1117 1258 1201 1290 diis
1232 1259 1455 1292 immorta-

818 1304 932 1336 libus
977 1314 1020 1336 se
1054 1304 1236 1336 facilius
1272 1305 1454 1337 satisfa-

815 1353 980 1389 cturos,
1037 1349 1072 1380 si
1128 1360 1276 1382 eorum
1335 1351 1455 1392 plaga

815 1396 1013 1436 perculsi
1062 1395 1267 1428 afflictos
1322 1407 1365 1429 se
1417 1403 1457 1429 et

103 1440 169 1484 γὰρ
196 1439 313 1482 λόγου.
343 1441 402 1473 iV.
430 1452 463 1482 p.
492 1441 570 1476 708.
596 1442 637 1473 D.
664 1441 744 1472 πολ-

103 1487 166 1518 λοῦ
191 1485 324 1530 χρόνου
357 1499 414 1517 και
444 1486 679 1543 παγχάλεπον.
707 1486 745 1518 V.

105 1544 136 1574 p.
158 1532 234 1567 730.
253 1535 292 1564 A.
318 1532 445 1572 πολλῆς
469 1544 532 1564 ουν
555 1532 745 1574 εὐλαβείας.

107 1578 192 1611 ibid.
235 1589 268 1620 p.
302 1577 379 1612 735.
413 1578 454 1610 C.
495 1579 646 1619 σπουδῆς
685 1582 747 1618 τῆς

105 1625 268 1666 μεγίστης
294 1627 339 1668 τῷ
365 1627 550 1668 νομοθέτῃ
575 1625 748 1664 διερευνᾶ-

106 1673 205 1702 σθαι.
242 1670 320 1702 Vll.
353 1681 386 1711 p.
419 1670 498 1704 821.
527 1670 566 1704 Ε.
600 1670 683 1702 οὐδέ
710 1670 752 1711 γε’

104 1728 198 1753 τινος
211 1715 344 1758 χρόνου
362 1715 586 1757 παμπόλλου.
607 1716 749 1748 Omisso

105 1761 196 1793 εἶναι
221 1761 421 1795 Parmenid.
449 1773 482 1803 p.
510 1762 590 1797 135.
619 1764 658 1794 A.
690 1762 748 1794 ubi

107 1808 190 1839 nihil
229 1807 452 1846 mutandum,
496 1813 531 1840 et
573 1808 748 1850 Eurip.

108 1853 241 1886 Phoen.
266 1864 298 1885 v.
325 1854 404 1888 726.
431 1853 516 1885 ἀλλὰ
543 1852 651 1886 τοῦθ’
681 1852 751 1896 ὁρῶ

105 1899 243 1931 πολλοῦ
268 1898 393 1931 πόνου.
444 1899 512 1931 Sic·
528 1900 634 1932 etiam
661 1899 752 1931 ἐστίν

108 1945 241 1977 omisso
254 1943 385 1985 χρόνου
402 1945 532 1976 πολλοῦ
549 1946 605 1977 lll.
624 1956 657 1988 p.
673 1945 751 1979 708.

109 1991 150 2022 D.
185 1994 220 2022 et
254 1989 447 2033 ἀνθρώπου
489 1990 618 2028 παντός
663 1991 750 2023 Vlll.

109 2047 141 2078 p.
178 2036 258 2070 843.
286 2037 325 2068 C.
355 2035 529 2074 Quocirca
560 2046 626 2068 non
666 2047 753 2078 opus

108 2092 188 2115 esse
221 2087 383 2124 putamus
416 2083 614 2115 coniectura
640 2082 753 2114 Win-

109 2129 362 2161 ckeimanni
395 2127 448 2160 ’δὲ
491 2128 557 2160 δεῖ
596 2128 753 2165 διανοίας

109 2174 290 2216 legendum
317 2174 485 2216 putantis.

154 2265 263 2300 ἔθος
310 2275 356 2296 τε
404 2264 574 2307 γυναιξί
614 2277 657 2297 τε
701 2265 750 2305 δὴ

110 2308 250 2351 diam]
283 2309 335 2342 En
369 2312 628 2352 superstitionis
653 2312 755 2343 anilis

112 2355 213 2387 etiam
240 2356 296 2387 iiia
321 2360 439 2389 aetate
463 2357 654 2398 grassantis
680 2368 755 2390 cer-

111 2399 284 2433 tissiinum
315 2402 568 2437 testimonium
625 2403 754 2436 Confe-

113 2456 167 2479 ras
206 2447 317 2488 Gorg.
350 2458 383 2489 p.
414 2448 494 2482 512.
531 2448 572 2481 Ε.
598 2447 754 2505 υπιστεύ-

112 2504 221 2524 σαντα
261 2495 338 2528 ταῖς
360 2493 563 2541 γυναιξίν,
591 2508 651 2527 οτι
691 2507 756 2535 την

112 2539 317 2581 εἱμαρμένην
341 2537 423 2571 οὐδ’
459 2551 501 2570 αν
526 2543 575 2576 εἰς
598 2539 755 2582 ἐκφύγοι,

112 2594 182 2624 quo
208 2585 313 2616 utitur
340 2585 443 2617 etiam
470 2584 518 2617 M.
548 2586 754 2618 Antonin.

114 2629 194 2662 VII.
211 2629 266 2665 46.
297 2629 402 2663 Adde
427 2635 608 2672 praeterea
636 2642 754 2665 exem·

112 2675 168 2717 pia
200 2687 219 2708 a
253 2675 446 2709 Menandro
472 2677 694 2719 suppeditata
722 2689 754 2720 p.

111 2721 167 2755 87.
203 2726 238 2754 et
269 2732 300 2763 p.
330 2722 407 2757 114.
443 2722 500 2754 ubi
533 2732 563 2754 V.
598 2724 754 2755 Meine-

815 1446 991 1473 stratos
1021 1451 1124 1473 esse
1149 1442 1386 1475 fateantur.

863 1507 970 1541 ὅταν
1005 1508 1214 1552 εὐπορίας
1240 1509 1360 1546 τινὸς
1388 1510 1457 1542 λα’-

814 1555 992 1598 βωνται]
1020 1555 1083 1587 lnt.
1111 1557 1146 1587 οἱ
1170 1559 1344 1597 τοιοῦτοι,
1370 1556 1399 1588 h.
1427 1567 1456 1589 e.

813 1601 996 1641 mulieres,
1024 1601 1199 1642 imbecilli,
1224 1602 1354 1634 consilii
1380 1603 1456 1634 ino—

814 1658 899 1689 pes,
939 1647 1086 1688 denique
1126 1648 1265 1680 omnino
1313 1648 1350 1688 ii,
1399 1649 1458 1689 qui

818 1693 1076 1734 superstitionis
1109 1695 1318 1735 contagione
1360 1694 1459 1726 facile

818 1740 1062 1781 corripiuntur.
1098 1758 1142 1763 -
1212 1743 1458 1781 καθιεροῦν

818 1797 862 1817 τε
901 1784 946 1816 τὸ
991 1784 1132 1827 παρὸν
1173 1783 1263 1825 ἄεί,
1307 1796 1461 1818 conse-

821 1841 952 1864 crare
1004 1831 1113 1863 diis
1168 1831 1461 1886 quodcunque

820 1886 1031 1919 semper
1081 1877 1282 1919 suppetit
1338 1889 1365 1912 s.
1419 1879 1459 1910 in

822 1927 997 1964 promtu
1037 1927 1118 1955 est.
1162 1923 1244 1955 νος.
1278 1922 1336 1955 αἐί
1368 1924 1389 1956 i.
1425 1935 1458 1965 q.

820 1968 995 2000 ἑκάστοτε.

869 2036 910 2068 Ρ.
944 2036 1023 2070 910.
1076 2036 1115 2067 ἔν
1154 2050 1196 2070 τε
1237 2035 1462 2079 φάσμασιν

821 2081 1188 2125 ἐγρηγορότας
1212 2082 1272 2125 -]
1300 2082 1463 2115 Pendent

820 2130 910 2161 haec
928 2138 1064 2170 quoque
1077 2139 1119 2161 ex
1145 2134 1351 2170 antegresso
1378 2130 1465 2165 ἔθος

819 2175 925 2217 ἐστίν,
952 2174 1013 2206 sed
1039 2179 1170 2208 mutata
1198 2179 1371 2208 structura
1398 2175 1463 2207 iam

819 2221 1042 2253 accusativus
1074 2231 1135 2263 pro
1163 2222 1279 2253 dativo
1306 2221 1463 2254 infertur.

820 2266 925 2301 Quod
959 2266 1035 2307 quis
1069 2272 1124 2299 est
1155 2269 1241 2309 quin
1267 2267 1383 2298 videat
1407 2277 1463 2299 re·

822 2313 978 2345 ctissime
1003 2313 1075 2344 fieri
1107 2313 1283 2354 potuisse.
1307 2313 1464 2353 quando·

821 2358 962 2400 quidem
983 2363 1064 2399 post
1090 2359 1175 2395 ἔθος
1192 2359 1280 2390 ἐστίν
1296 2363 1466 2400 sequente

823 2404 987 2436 infinitivo
1006 2405 1121 2445 aliquo
1139 2405 1278 2446 utrique
1307 2409 1463 2437 constru-

826 2450 931 2482 ctioni
993 2451 1088 2482 iocus
1140 2461 1331 2483 concessus
1375 2448 1467 2482 fuit?

825 2496 984 2528 Pertinet
1008 2500 1123 2528 autem
1141 2497 1362 2529 accusativus
1387 2506 1465 2538 par-

824 2541 1020 2582 ticipiorum
1055 2541 1098 2574 ad
1131 2543 1329 2575 infinitivum
1365 2542 1467 2585 ἒμπι·

817 2587 963 2620 πλάναι.
1028 2588 1092 2620 Est
1130 2589 1220 2622 enirn
1263 2588 1466 2620 consecutio

824 2634 1008 2666 verborum
1037 2634 1136 2670 haec:
1169 2633 1406 2677 ἐγρηγορότας
1431 2645 1466 2665 τε

819 2679 856 2718 (ἰ.
892 2689 922 2712 e.
948 2680 1019 2722 καί)
1044 2679 1178 2716 αὐτοὺς
1202 2679 1257 2713 διὰ
1278 2679 1410 2722 φόβους
1433 2681 1467 2711 ἐν

820 2722 1000 2767 φάσμασιν
1025 2726 1081 2756 καὶ
1105 2727 1139 2758 ἐν
1166 2725 1334 2768 ὀνείροις,
1362 2725 1405 2762 ὡς
1431 2726 1462 2757 δ’

1486 731 1568 770 910
