<?xml version="1.0" encoding="UTF-8"?>
<!DOCTYPE html PUBLIC "-//W3C//DTD XHTML 1.0 Transitional//EN"
    "http://www.w3.org/TR/xhtml1/DTD/xhtml1-transitional.dtd">
<html xmlns="http://www.w3.org/1999/xhtml" xml:lang="en" lang="en">
 <head>
  <title>
</title>
<meta http-equiv="Content-Type" content="text/html;charset=utf-8" />
  <meta name='ocr-system' content='tesseract 3.04.00' />
  <meta name='ocr-capabilities' content='ocr_page ocr_carea ocr_par ocr_line ocrx_word'/>
</head>
<body>
  <div class='ocr_page' id='page_1' title='image "./n3operaomniarecens10platuoft/n3operaomniarecens10platuoft_0236.png"; bbox 0 0 1781 2971; ppageno 0'>
   <div class='ocr_carea' id='block_1_1' title="bbox 189 84 1610 1058">
    <p class='ocr_par' dir='ltr' id='par_1_1' title="bbox 252 84 1606 657">
     <span class='ocr_line' id='line_1_1' title="bbox 257 84 1130 128; baseline 0.002 -3"><span class='ocrx_word' id='word_1_1' title='bbox 257 85 336 126; x_wconf 73' lang='lat'>232</span> <span class='ocrx_word' id='word_1_2' title='bbox 751 84 1130 128; x_wconf 60' lang='lat' dir='ltr'>P11A1¹ONIS</span> 
     </span>
     <span class='ocr_line' id='line_1_2' title="bbox 255 198 1602 261; baseline 0.003 -19"><span class='ocrx_word' id='word_1_3' title='bbox 255 203 306 261; x_wconf 77' lang='grc' dir='ltr'><em>τῇ</em></span> <span class='ocrx_word' id='word_1_4' title='bbox 345 198 466 242; x_wconf 81' lang='grc' dir='ltr'><em>πόλει</em></span> <span class='ocrx_word' id='word_1_5' title='bbox 505 201 651 255; x_wconf 79' lang='grc' dir='ltr'><em>τριῶν,</em></span> <span class='ocrx_word' id='word_1_6' title='bbox 690 199 787 251; x_wconf 74' lang='grc' dir='ltr'><em>ἑνὸς</em></span> <span class='ocrx_word' id='word_1_7' title='bbox 821 204 901 254; x_wconf 81' lang='grc' dir='ltr'>μὲν</span> <span class='ocrx_word' id='word_1_8' title='bbox 938 205 1090 245; x_wconf 83' lang='grc' dir='ltr'><em>κοινοῦ</em></span> <span class='ocrx_word' id='word_1_9' title='bbox 1130 210 1218 252; x_wconf 83' lang='grc' dir='ltr'><em>τοῖς</em></span> <span class='ocrx_word' id='word_1_10' title='bbox 1256 205 1472 252; x_wconf 77' lang='grc' dir='ltr'><em>πλείστοις</em></span> <span class='ocrx_word' id='word_1_11' title='bbox 1507 206 1602 259; x_wconf 83' lang='grc' dir='ltr'><em>περὶ</em></span> 
     </span>
     <span class='ocr_line' id='line_1_3' title="bbox 252 264 1600 324; baseline 0.003 -16"><span class='ocrx_word' id='word_1_12' title='bbox 252 264 458 321; x_wconf 70' lang='grc' dir='ltr'><em>α’γοράν,</em></span> <span class='ocrx_word' id='word_1_13' title='bbox 498 270 714 322; x_wconf 85' lang='grc' dir='ltr'><em>σωτηρίας</em></span> <span class='ocrx_word' id='word_1_14' title='bbox 750 272 874 310; x_wconf 78' lang='grc' dir='ltr'><em>ἕνεκα</em></span> <span class='ocrx_word' id='word_1_15' title='bbox 913 276 1003 318; x_wconf 86' lang='grc' dir='ltr'><em>τοῖς</em></span> <span class='ocrx_word' id='word_1_16' title='bbox 1039 271 1218 319; x_wconf 82' lang='grc' dir='ltr'><strong><em>πολλοῖς</em></strong></span> <span class='ocrx_word' id='word_1_17' title='bbox 1255 270 1340 312; x_wconf 85' lang='grc' dir='ltr'>τῶν</span> <span class='ocrx_word' id='word_1_18' title='bbox 1378 269 1600 324; x_wconf 81' lang='grc' dir='ltr'><em>σωμάτων,</em></span> 
     </span>
     <span class='ocr_line' id='line_1_4' title="bbox 254 332 1602 410; baseline 0.003 -35"><span class='ocrx_word' id='word_1_19' title='bbox 254 332 352 383; x_wconf 79' lang='grc' dir='ltr'><em>ἑνὸς</em></span> <span class='ocrx_word' id='word_1_20' title='bbox 388 335 432 375; x_wconf 81' lang='grc' dir='ltr'>δὲ</span> <span class='ocrx_word' id='word_1_21' title='bbox 468 336 566 389; x_wconf 82' lang='grc' dir='ltr'><em>περὶ</em></span> <span class='ocrx_word' id='word_1_22' title='bbox 604 332 682 376; x_wconf 86' lang='grc' dir='ltr'>τὸν</span> <span class='ocrx_word' id='word_1_23' title='bbox 720 336 807 375; x_wconf 81' lang='grc' dir='ltr'>τῶν</span> <span class='ocrx_word' id='word_1_24' title='bbox 843 334 1013 389; x_wconf 82' lang='grc' dir='ltr'><em>νύκτωρ</em></span> <span class='ocrx_word' id='word_1_25' title='bbox 1037 338 1360 410; x_wconf 71' lang='grc' dir='ltr'><em>συλλεγομένων</em></span> <span class='ocrx_word' id='word_1_26' title='bbox 1379 337 1602 388; x_wconf 78' lang='grc' dir='ltr'><em>ξύλλογον,</em></span> 
     </span>
     <span class='ocr_line' id='line_1_5' title="bbox 254 397 1600 479; baseline 0.002 -38"><span class='ocrx_word' id='word_1_27' title='bbox 254 399 636 458; x_wconf 76' lang='grc' dir='ltr'><em>σωφοονιστήριον</em></span> <span class='ocrx_word' id='word_1_28' title='bbox 685 399 1094 479; x_wconf 69' lang='grc' dir='ltr'><em>ἐπονομαζόμενον,</em></span> <span class='ocrx_word' id='word_1_29' title='bbox 1147 401 1245 450; x_wconf 78' lang='grc' dir='ltr'><em>ἑνὸς</em></span> <span class='ocrx_word' id='word_1_30' title='bbox 1290 404 1334 444; x_wconf 79' lang='grc' dir='ltr'>δὲ</span> <span class='ocrx_word' id='word_1_31' title='bbox 1386 397 1442 445; x_wconf 77' lang='grc' dir='ltr'>αὖ</span> <span class='ocrx_word' id='word_1_32' title='bbox 1491 404 1600 445; x_wconf 85' lang='grc' dir='ltr'><em>κατα</em></span> 
     </span>
     <span class='ocr_line' id='line_1_6' title="bbox 252 464 1600 527; baseline 0.004 -20"><span class='ocrx_word' id='word_1_33' title='bbox 252 472 389 519; x_wconf 75' lang='grc' dir='ltr'><em>μέσην</em></span> <span class='ocrx_word' id='word_1_34' title='bbox 435 466 516 518; x_wconf 87' lang='grc' dir='ltr'>τὴν</span> <span class='ocrx_word' id='word_1_35' title='bbox 561 464 732 522; x_wconf 84' lang='grc' dir='ltr'><em>χώραν,</em></span> <span class='ocrx_word' id='word_1_36' title='bbox 778 464 951 527; x_wconf 78' lang='grc' dir='ltr'><em>ὅπῃπερ</em></span> <span class='ocrx_word' id='word_1_37' title='bbox 997 465 1055 509; x_wconf 72' lang='grc' dir='ltr'><em>ὁὲν</em></span> <span class='ocrx_word' id='word_1_38' title='bbox 1107 469 1266 523; x_wconf 75' lang='grc' dir='ltr'><em>ἔρημός</em></span> <span class='ocrx_word' id='word_1_39' title='bbox 1302 484 1346 512; x_wconf 85' lang='grc' dir='ltr'><em>τε</em></span> <span class='ocrx_word' id='word_1_40' title='bbox 1381 471 1454 511; x_wconf 86' lang='grc' dir='ltr'>καὶ</span> <span class='ocrx_word' id='word_1_41' title='bbox 1492 467 1547 518; x_wconf 81' lang='grc' dir='ltr'>ὡς</span> <span class='ocrx_word' id='word_1_42' title='bbox 1578 467 1600 512; x_wconf 83' lang='grc' dir='ltr'><strong>ὅ</strong></span> 
     </span>
     <span class='ocr_line' id='line_1_7' title="bbox 253 527 1605 593; baseline 0.001 -19"><span class='ocrx_word' id='word_1_43' title='bbox 253 549 295 575; x_wconf 89' lang='grc' dir='ltr'><em>τι</em></span> <span class='ocrx_word' id='word_1_44' title='bbox 331 533 523 587; x_wconf 80' lang='grc' dir='ltr'><em>μάλιστα</em></span> <span class='ocrx_word' id='word_1_45' title='bbox 560 533 838 587; x_wconf 60' lang='grc' dir='ltr'><em>άὶριιότατος</em></span> <span class='ocrx_word' id='word_1_46' title='bbox 869 527 895 593; x_wconf 72' lang='grc' dir='ltr'>ἶ]</span> <span class='ocrx_word' id='word_1_47' title='bbox 935 533 1086 584; x_wconf 83' lang='grc' dir='ltr'><em>τόπος,</em></span> <span class='ocrx_word' id='word_1_48' title='bbox 1122 538 1330 589; x_wconf 81' lang='grc' dir='ltr'><em>τιμωρίας</em></span> <span class='ocrx_word' id='word_1_49' title='bbox 1365 538 1468 590; x_wconf 81' lang='grc' dir='ltr'><em>ἔχων</em></span> <span class='ocrx_word' id='word_1_50' title='bbox 1500 540 1605 577; x_wconf 75' lang='grc' dir='ltr'><em>ἐπω-</em></span> 
     </span>
     <span class='ocr_line' id='line_1_8' title="bbox 256 599 1606 657; baseline 0.001 -16"><span class='ocrx_word' id='word_1_51' title='bbox 256 603 419 655; x_wconf 86' lang='grc' dir='ltr'><em>νυμίαν</em></span> <span class='ocrx_word' id='word_1_52' title='bbox 453 616 606 657; x_wconf 75' lang='grc' dir='ltr'><em>φημην</em></span> <span class='ocrx_word' id='word_1_53' title='bbox 642 600 772 642; x_wconf 74' lang='grc' dir='ltr'><em>τινα·</em></span> <span class='ocrx_word' id='word_1_54' title='bbox 811 618 905 656; x_wconf 78' lang='grc' dir='ltr'><em>περι</em></span> <span class='ocrx_word' id='word_1_55' title='bbox 943 599 1147 655; x_wconf 73' lang='grc' dir='ltr'><em>ἀσέβειαν</em></span> <span class='ocrx_word' id='word_1_56' title='bbox 1184 604 1228 644; x_wconf 80' lang='grc' dir='ltr'>δὲ</span> <span class='ocrx_word' id='word_1_57' title='bbox 1266 600 1410 644; x_wconf 84' lang='grc' dir='ltr'><em>ὄντων</em></span> <span class='ocrx_word' id='word_1_58' title='bbox 1446 606 1606 651; x_wconf 81' lang='grc' dir='ltr'><em>αιτίαις</em></span> 
     </span>
    </p>

    <p class='ocr_par' dir='ltr' id='par_1_2' title="bbox 189 665 1610 1058">
     <span class='ocr_line' id='line_1_9' title="bbox 189 665 1607 722; baseline 0.001 -14"><span class='ocrx_word' id='word_1_59' title='bbox 189 676 227 717; x_wconf 87' lang='grc' dir='ltr'>Β</span> <span class='ocrx_word' id='word_1_60' title='bbox 255 669 336 720; x_wconf 81' lang='grc' dir='ltr'>μὲν</span> <span class='ocrx_word' id='word_1_61' title='bbox 378 669 544 722; x_wconf 69' lang='grc' dir='ltr'><em>τρισίν,</em></span> <span class='ocrx_word' id='word_1_62' title='bbox 591 665 742 722; x_wconf 78' lang='grc' dir='ltr'><em>αἶςπερ</em></span> <span class='ocrx_word' id='word_1_63' title='bbox 791 670 861 710; x_wconf 77' lang='grc' dir='ltr'>καὶ</span> <span class='ocrx_word' id='word_1_64' title='bbox 909 666 1177 722; x_wconf 73' lang='grc' dir='ltr'><em>διήλθομεν,</em></span> <span class='ocrx_word' id='word_1_65' title='bbox 1225 667 1305 711; x_wconf 81' lang='grc' dir='ltr'>δύο</span> <span class='ocrx_word' id='word_1_66' title='bbox 1354 669 1398 710; x_wconf 82' lang='grc' dir='ltr'>δὲ</span> <span class='ocrx_word' id='word_1_67' title='bbox 1432 669 1475 719; x_wconf 78' lang='grc' dir='ltr'>ἐξ</span> <span class='ocrx_word' id='word_1_68' title='bbox 1509 667 1607 711; x_wconf 72' lang='grc' dir='ltr'><em>ἐκοί-</em></span> 
     </span>
     <span class='ocr_line' id='line_1_10' title="bbox 255 731 1607 787; baseline 0.001 -11"><span class='ocrx_word' id='word_1_69' title='bbox 255 749 359 785; x_wconf 85' lang='grc' dir='ltr'><em>στης</em></span> <span class='ocrx_word' id='word_1_70' title='bbox 395 735 475 784; x_wconf 86' lang='grc' dir='ltr'><em>τῆς</em></span> <span class='ocrx_word' id='word_1_71' title='bbox 509 735 721 785; x_wconf 77' lang='grc' dir='ltr'><em>τοιαύτης</em></span> <span class='ocrx_word' id='word_1_72' title='bbox 759 738 904 783; x_wconf 76' lang='grc' dir='ltr'><em>αἰτίας</em></span> <span class='ocrx_word' id='word_1_73' title='bbox 927 738 1182 787; x_wconf 77' lang='grc' dir='ltr'><em>γενομένων,</em></span> <span class='ocrx_word' id='word_1_74' title='bbox 1221 734 1265 786; x_wconf 73' lang='grc' dir='ltr'>ἓξ</span> <span class='ocrx_word' id='word_1_75' title='bbox 1294 731 1352 776; x_wconf 78' lang='grc' dir='ltr'>οἳν</span> <span class='ocrx_word' id='word_1_76' title='bbox 1373 738 1607 787; x_wconf 67' lang='grc' dir='ltr'><em>γίγνοιντο,</em></span> 
     </span>
     <span class='ocr_line' id='line_1_11' title="bbox 255 798 1604 857; baseline 0.001 -16"><span class='ocrx_word' id='word_1_77' title='bbox 255 798 283 841; x_wconf 79' lang='grc' dir='ltr'><strong><em>ἃ</em></strong></span> <span class='ocrx_word' id='word_1_78' title='bbox 333 802 406 842; x_wconf 84' lang='grc' dir='ltr'>καὶ</span> <span class='ocrx_word' id='word_1_79' title='bbox 450 802 703 856; x_wconf 84' lang='grc' dir='ltr'><em>διακρίσεως</em></span> <span class='ocrx_word' id='word_1_80' title='bbox 750 798 853 852; x_wconf 77' lang='grc' dir='ltr'>ἄξια</span> <span class='ocrx_word' id='word_1_81' title='bbox 903 805 1003 854; x_wconf 58' lang='grc' dir='ltr'><em>γένη</em></span> <span class='ocrx_word' id='word_1_82' title='bbox 1050 804 1137 844; x_wconf 81' lang='grc' dir='ltr'>τῶν</span> <span class='ocrx_word' id='word_1_83' title='bbox 1175 799 1281 857; x_wconf 81' lang='grc' dir='ltr'><em>περὶ“</em></span> <span class='ocrx_word' id='word_1_84' title='bbox 1308 800 1360 842; x_wconf 81' lang='grc' dir='ltr'><em>τὰ</em></span> <span class='ocrx_word' id='word_1_85' title='bbox 1402 803 1511 843; x_wconf 77' lang='grc' dir='ltr'><em>θεῖα</em></span> <span class='ocrx_word' id='word_1_86' title='bbox 1546 801 1604 852; x_wconf 78' lang='grc' dir='ltr'>ἐξ·</span> 
     </span>
     <span class='ocr_line' id='line_1_12' title="bbox 256 866 1605 923; baseline -0.001 -15"><span class='ocrx_word' id='word_1_87' title='bbox 256 867 631 921; x_wconf 83' lang='grc' dir='ltr'><em>αμαρτανόντων,</em></span> <span class='ocrx_word' id='word_1_88' title='bbox 670 866 750 910; x_wconf 86' lang='grc' dir='ltr'>οὐκ</span> <span class='ocrx_word' id='word_1_89' title='bbox 793 867 886 919; x_wconf 74' lang='grc' dir='ltr'><em>ἴσης</em></span> <span class='ocrx_word' id='word_1_90' title='bbox 923 867 1018 910; x_wconf 78' lang='grc' dir='ltr'><em>οὐδ’</em></span> <span class='ocrx_word' id='word_1_91' title='bbox 1061 866 1219 919; x_wconf 79' lang='grc' dir='ltr'><em>ὁμοίας</em></span> <span class='ocrx_word' id='word_1_92' title='bbox 1256 869 1374 918; x_wconf 79' lang='grc' dir='ltr'><em>δίκης</em></span> <span class='ocrx_word' id='word_1_93' title='bbox 1407 866 1605 923; x_wconf 77' lang='grc' dir='ltr'><em>δεόμενα.</em></span> 
     </span>
     <span class='ocr_line' id='line_1_13' title="bbox 258 927 1609 990; baseline -0.001 -15"><span class='ocrx_word' id='word_1_94' title='bbox 258 927 290 986; x_wconf 79' lang='grc' dir='ltr'><em>ᾧ</em></span> <span class='ocrx_word' id='word_1_95' title='bbox 340 932 427 990; x_wconf 77' lang='grc' dir='ltr'>γὰρ</span> <span class='ocrx_word' id='word_1_96' title='bbox 471 932 529 975; x_wconf 82' lang='grc' dir='ltr'>ἂν</span> <span class='ocrx_word' id='word_1_97' title='bbox 574 935 633 988; x_wconf 81' lang='grc' dir='ltr'>μη</span> <span class='ocrx_word' id='word_1_98' title='bbox 680 937 905 988; x_wconf 80' lang='grc' dir='ltr'><em>νομίζοντι</em></span> <span class='ocrx_word' id='word_1_99' title='bbox 947 933 1090 984; x_wconf 66' lang='grc' dir='ltr'><em>θεοὺς</em></span> <span class='ocrx_word' id='word_1_100' title='bbox 1136 935 1246 978; x_wconf 79' lang='grc' dir='ltr'><em>εἶναι</em></span> <span class='ocrx_word' id='word_1_101' title='bbox 1292 934 1340 976; x_wconf 83' lang='grc' dir='ltr'><em>το</em></span> <span class='ocrx_word' id='word_1_102' title='bbox 1391 934 1609 990; x_wconf 76' lang='grc' dir='ltr'><em>παράπαν</em></span> 
     </span>
     <span class='ocr_line' id='line_1_14' title="bbox 257 994 1610 1058; baseline 0 -16"><span class='ocrx_word' id='word_1_103' title='bbox 257 994 380 1051; x_wconf 74' lang='grc' dir='ltr'><em>ἦθος</em></span> <span class='ocrx_word' id='word_1_104' title='bbox 427 999 555 1058; x_wconf 81' lang='grc' dir='ltr'><em>φύσει</em></span> <span class='ocrx_word' id='word_1_105' title='bbox 607 1005 893 1057; x_wconf 77' lang='grc' dir='ltr'><em>προςγένηται</em></span> <span class='ocrx_word' id='word_1_106' title='bbox 945 1005 1139 1052; x_wconf 78' lang='grc' dir='ltr'><em>δίκαιον,</em></span> <span class='ocrx_word' id='word_1_107' title='bbox 1184 1002 1413 1056; x_wconf 77' lang='grc' dir='ltr'><em>μισοῦντές</em></span> <span class='ocrx_word' id='word_1_108' title='bbox 1460 1016 1503 1043; x_wconf 87' lang='grc' dir='ltr'><em>τε</em></span> <span class='ocrx_word' id='word_1_109' title='bbox 1546 1003 1610 1054; x_wconf 75' lang='grc' dir='ltr'>γί-</span> 
     </span>
    </p>
   </div>
   <div class='ocr_carea' id='block_1_2' title="bbox 258 1153 1611 1324">
    <p class='ocr_par' dir='ltr' id='par_1_3' title="bbox 258 1153 1611 1324">
     <span class='ocr_line' id='line_1_15' title="bbox 352 1153 1607 1197; baseline -0.001 -11"><span class='ocrx_word' id='word_1_110' title='bbox 352 1155 391 1186; x_wconf 84' lang='grc' dir='ltr'>Β.</span> <span class='ocrx_word' id='word_1_111' title='bbox 441 1153 620 1197; x_wconf 79' lang='grc' dir='ltr'><em>περὶτὰ</em></span> <span class='ocrx_word' id='word_1_112' title='bbox 665 1157 768 1187; x_wconf 79' lang='grc' dir='ltr'>θεῖα</span> <span class='ocrx_word' id='word_1_113' title='bbox 803 1153 1215 1197; x_wconf 72' lang='grc' dir='ltr'><em>ἐξαμαρτανόντων]</em></span> <span class='ocrx_word' id='word_1_114' title='bbox 1253 1153 1289 1185; x_wconf 91' lang='lat' dir='ltr'>V.</span> <span class='ocrx_word' id='word_1_115' title='bbox 1321 1153 1607 1196; x_wconf 77' lang='grc' dir='ltr'><em>ἁμαρτανόντων.</em></span> 
     </span>
     <span class='ocr_line' id='line_1_16' title="bbox 258 1199 1611 1240; baseline -0.001 -8"><span class='ocrx_word' id='word_1_116' title='bbox 258 1201 345 1233; x_wconf 80' lang='lat' dir='ltr'>Dedi</span> <span class='ocrx_word' id='word_1_117' title='bbox 381 1200 616 1240; x_wconf 86' lang='lat' dir='ltr'>compositum</span> <span class='ocrx_word' id='word_1_118' title='bbox 651 1212 692 1233; x_wconf 82' lang='lat' dir='ltr'>ex</span> <span class='ocrx_word' id='word_1_119' title='bbox 731 1199 769 1232; x_wconf 80' lang='grc' dir='ltr'>Ω.</span> <span class='ocrx_word' id='word_1_120' title='bbox 804 1213 833 1235; x_wconf 90' lang='lat' dir='ltr'>v.</span> <span class='ocrx_word' id='word_1_121' title='bbox 870 1202 893 1233; x_wconf 83' lang='lat' dir='ltr'>f.</span> <span class='ocrx_word' id='word_1_122' title='bbox 933 1201 963 1233; x_wconf 82' lang='lat' dir='ltr'>h.</span> <span class='ocrx_word' id='word_1_123' title='bbox 1000 1210 1025 1234; x_wconf 92' lang='lat' dir='ltr'>r.</span> <span class='ocrx_word' id='word_1_124' title='bbox 1058 1212 1088 1232; x_wconf 86' lang='lat' dir='ltr'>a.</span> <span class='ocrx_word' id='word_1_125' title='bbox 1123 1201 1154 1231; x_wconf 77' lang='grc' dir='ltr'>ὃ.</span> <span class='ocrx_word' id='word_1_126' title='bbox 1191 1211 1222 1231; x_wconf 88' lang='lat' dir='ltr'>o.</span> <span class='ocrx_word' id='word_1_127' title='bbox 1259 1199 1461 1240; x_wconf 75' lang='lat' dir='ltr'>quibuscum</span> <span class='ocrx_word' id='word_1_128' title='bbox 1488 1200 1611 1232; x_wconf 85' lang='lat' dir='ltr'>Bastio</span> 
     </span>
     <span class='ocr_line' id='line_1_17' title="bbox 260 1245 1609 1289; baseline -0.001 -11"><span class='ocrx_word' id='word_1_129' title='bbox 260 1250 353 1279; x_wconf 87' lang='lat' dir='ltr'>teste</span> <span class='ocrx_word' id='word_1_130' title='bbox 378 1246 478 1278; x_wconf 87' lang='lat' dir='ltr'>etiam</span> <span class='ocrx_word' id='word_1_131' title='bbox 509 1245 588 1279; x_wconf 84' lang='lat' dir='ltr'>Par.</span> <span class='ocrx_word' id='word_1_132' title='bbox 617 1247 655 1278; x_wconf 88' lang='lat' dir='ltr'>A.</span> <span class='ocrx_word' id='word_1_133' title='bbox 683 1247 865 1279; x_wconf 77' lang='lat' dir='ltr'>consentit.</span> <span class='ocrx_word' id='word_1_134' title='bbox 915 1247 1108 1289; x_wconf 80' lang='lat' dir='ltr'>Receptam</span> <span class='ocrx_word' id='word_1_135' title='bbox 1145 1245 1328 1278; x_wconf 67' lang='lat' dir='ltr'>lectionem</span> <span class='ocrx_word' id='word_1_136' title='bbox 1358 1247 1460 1279; x_wconf 88' lang='lat' dir='ltr'>etiam</span> <span class='ocrx_word' id='word_1_137' title='bbox 1487 1247 1609 1287; x_wconf 85' lang='lat' dir='ltr'>Steph.</span> 
     </span>
     <span class='ocr_line' id='line_1_18' title="bbox 262 1293 606 1324; baseline -0.003 -1"><span class='ocrx_word' id='word_1_138' title='bbox 262 1293 293 1324; x_wconf 91' lang='lat' dir='ltr'>in</span> <span class='ocrx_word' id='word_1_139' title='bbox 320 1301 395 1323; x_wconf 89' lang='lat' dir='ltr'>ann.</span> <span class='ocrx_word' id='word_1_140' title='bbox 425 1297 606 1324; x_wconf 84' lang='lat' dir='ltr'>memorat.</span> 
     </span>
    </p>
   </div>
   <div class='ocr_carea' id='block_1_3' title="bbox 257 1428 903 1873">
    <p class='ocr_par' dir='ltr' id='par_1_4' title="bbox 257 1428 903 1873">
     <span class='ocr_line' id='line_1_19' title="bbox 258 1428 900 1462; baseline 0 -1"><span class='ocrx_word' id='word_1_141' title='bbox 258 1428 481 1461; x_wconf 80' lang='lat' dir='ltr'>doctissimos</span> <span class='ocrx_word' id='word_1_142' title='bbox 510 1429 613 1462; x_wconf 87' lang='lat' dir='ltr'>viros.</span> <span class='ocrx_word' id='word_1_143' title='bbox 664 1429 735 1462; x_wconf 86' lang='lat' dir='ltr'>Sed</span> <span class='ocrx_word' id='word_1_144' title='bbox 774 1429 823 1461; x_wconf 77' lang='lat' dir='ltr'>iiis</span> <span class='ocrx_word' id='word_1_145' title='bbox 856 1429 900 1462; x_wconf 90' lang='lat' dir='ltr'>de</span> 
     </span>
     <span class='ocr_line' id='line_1_20' title="bbox 258 1475 899 1516; baseline 0 -9"><span class='ocrx_word' id='word_1_146' title='bbox 258 1475 443 1507; x_wconf 79' lang='lat' dir='ltr'>universae</span> <span class='ocrx_word' id='word_1_147' title='bbox 473 1476 607 1516; x_wconf 85' lang='lat' dir='ltr'>periodi</span> <span class='ocrx_word' id='word_1_148' title='bbox 641 1481 814 1508; x_wconf 81' lang='lat' dir='ltr'>structura</span> <span class='ocrx_word' id='word_1_149' title='bbox 840 1485 899 1508; x_wconf 78' lang='lat' dir='ltr'>ex-</span> 
     </span>
     <span class='ocr_line' id='line_1_21' title="bbox 259 1521 900 1563; baseline 0 -11"><span class='ocrx_word' id='word_1_150' title='bbox 259 1521 416 1562; x_wconf 74' lang='lat' dir='ltr'>plicatis,</span> <span class='ocrx_word' id='word_1_151' title='bbox 450 1521 746 1563; x_wconf 80' lang='lat' dir='ltr'>transgrediamur</span> <span class='ocrx_word' id='word_1_152' title='bbox 780 1521 822 1553; x_wconf 90' lang='lat' dir='ltr'>ad</span> <span class='ocrx_word' id='word_1_153' title='bbox 850 1521 900 1553; x_wconf 84' lang='lat' dir='ltr'>lu-</span> 
     </span>
     <span class='ocr_line' id='line_1_22' title="bbox 259 1565 902 1610; baseline 0.002 -13"><span class='ocrx_word' id='word_1_154' title='bbox 259 1565 400 1597; x_wconf 77' lang='lat' dir='ltr'>etranda</span> <span class='ocrx_word' id='word_1_155' title='bbox 427 1566 576 1607; x_wconf 75' lang='lat' dir='ltr'>singuia‚</span> <span class='ocrx_word' id='word_1_156' title='bbox 603 1578 672 1610; x_wconf 90' lang='lat' dir='ltr'>quo</span> <span class='ocrx_word' id='word_1_157' title='bbox 689 1568 817 1599; x_wconf 86' lang='lat' dir='ltr'>certius</span> <span class='ocrx_word' id='word_1_158' title='bbox 842 1566 902 1599; x_wconf 90' lang='lat' dir='ltr'>de-</span> 
     </span>
     <span class='ocr_line' id='line_1_23' title="bbox 258 1612 900 1655; baseline 0.002 -11"><span class='ocrx_word' id='word_1_159' title='bbox 258 1613 364 1652; x_wconf 86' lang='lat' dir='ltr'>niqne</span> <span class='ocrx_word' id='word_1_160' title='bbox 390 1612 615 1654; x_wconf 65' lang='lat' dir='ltr'>intelligatur,</span> <span class='ocrx_word' id='word_1_161' title='bbox 640 1623 808 1655; x_wconf 84' lang='lat' dir='ltr'>quorsum</span> <span class='ocrx_word' id='word_1_162' title='bbox 822 1623 900 1655; x_wconf 79' lang='lat' dir='ltr'>spe-</span> 
     </span>
     <span class='ocr_line' id='line_1_24' title="bbox 258 1658 902 1699; baseline 0.002 -10"><span class='ocrx_word' id='word_1_163' title='bbox 258 1662 354 1689; x_wconf 79' lang='lat' dir='ltr'>ctent</span> <span class='ocrx_word' id='word_1_164' title='bbox 380 1658 497 1690; x_wconf 88' lang='lat' dir='ltr'>omnia</span> <span class='ocrx_word' id='word_1_165' title='bbox 523 1664 558 1691; x_wconf 91' lang='lat' dir='ltr'>et</span> <span class='ocrx_word' id='word_1_166' title='bbox 583 1659 760 1699; x_wconf 83' lang='lat' dir='ltr'>quomodo</span> <span class='ocrx_word' id='word_1_167' title='bbox 779 1659 902 1691; x_wconf 82' lang='lat' dir='ltr'>intelli·</span> 
     </span>
     <span class='ocr_line' id='line_1_25' title="bbox 257 1703 902 1745; baseline 0 -10"><span class='ocrx_word' id='word_1_168' title='bbox 257 1703 369 1745; x_wconf 83' lang='lat' dir='ltr'>genda</span> <span class='ocrx_word' id='word_1_169' title='bbox 395 1703 476 1735; x_wconf 88' lang='lat' dir='ltr'>sint.</span> <span class='ocrx_word' id='word_1_170' title='bbox 533 1704 654 1745; x_wconf 84' lang='lat' dir='ltr'>itaque</span> <span class='ocrx_word' id='word_1_171' title='bbox 692 1706 756 1737; x_wconf 85' lang='lat' dir='ltr'>tria</span> <span class='ocrx_word' id='word_1_172' title='bbox 783 1714 902 1736; x_wconf 88' lang='lat' dir='ltr'>carce-</span> 
     </span>
     <span class='ocr_line' id='line_1_26' title="bbox 259 1750 903 1790; baseline 0.002 -10"><span class='ocrx_word' id='word_1_173' title='bbox 259 1758 336 1781; x_wconf 85' lang='lat' dir='ltr'>rum</span> <span class='ocrx_word' id='word_1_174' title='bbox 362 1758 492 1789; x_wconf 81' lang='lat' dir='ltr'>genera</span> <span class='ocrx_word' id='word_1_175' title='bbox 517 1750 609 1790; x_wconf 86' lang='lat' dir='ltr'>quod</span> <span class='ocrx_word' id='word_1_176' title='bbox 627 1760 903 1783; x_wconf 86' lang='lat' dir='ltr'>commemoran-</span> 
     </span>
     <span class='ocr_line' id='line_1_27' title="bbox 258 1794 901 1836; baseline 0.002 -9"><span class='ocrx_word' id='word_1_177' title='bbox 258 1800 335 1833; x_wconf 82' lang='lat' dir='ltr'>tur,</span> <span class='ocrx_word' id='word_1_178' title='bbox 370 1794 536 1835; x_wconf 79' lang='lat' dir='ltr'>frequens</span> <span class='ocrx_word' id='word_1_179' title='bbox 569 1806 654 1828; x_wconf 82' lang='lat' dir='ltr'>sane</span> <span class='ocrx_word' id='word_1_180' title='bbox 690 1797 722 1828; x_wconf 91' lang='lat' dir='ltr'>in</span> <span class='ocrx_word' id='word_1_181' title='bbox 751 1795 901 1836; x_wconf 77' lang='lat' dir='ltr'>Legibus</span> 
     </span>
     <span class='ocr_line' id='line_1_28' title="bbox 259 1840 902 1873; baseline 0 -1"><span class='ocrx_word' id='word_1_182' title='bbox 259 1840 409 1872; x_wconf 83' lang='lat' dir='ltr'>carceris</span> <span class='ocrx_word' id='word_1_183' title='bbox 434 1851 515 1872; x_wconf 82' lang='lat' dir='ltr'>usus</span> <span class='ocrx_word' id='word_1_184' title='bbox 532 1847 596 1873; x_wconf 83' lang='lat' dir='ltr'>est.</span> <span class='ocrx_word' id='word_1_185' title='bbox 618 1842 709 1873; x_wconf 78' lang='lat' dir='ltr'>conf.</span> <span class='ocrx_word' id='word_1_186' title='bbox 731 1841 824 1873; x_wconf 78' lang='lat' dir='ltr'>Libr.</span> <span class='ocrx_word' id='word_1_187' title='bbox 845 1841 902 1873; x_wconf 83' lang='lat' dir='ltr'>iX.</span> 
     </span>
    </p>
   </div>
   <div class='ocr_carea' id='block_1_4' title="bbox 969 1427 1615 1885">
    <p class='ocr_par' dir='ltr' id='par_1_5' title="bbox 969 1427 1615 1885">
     <span class='ocr_line' id='line_1_29' title="bbox 970 1427 1610 1471; baseline -0.005 -9"><span class='ocrx_word' id='word_1_188' title='bbox 970 1429 1048 1471; x_wconf 76' lang='lat' dir='ltr'>lipsi</span> <span class='ocrx_word' id='word_1_189' title='bbox 1074 1441 1105 1462; x_wconf 89' lang='lat' dir='ltr'>v.</span> <span class='ocrx_word' id='word_1_190' title='bbox 1135 1429 1355 1464; x_wconf 82' lang='lat' dir='ltr'>Matthiae</span> <span class='ocrx_word' id='word_1_191' title='bbox 1384 1428 1445 1460; x_wconf 88' lang='lat' dir='ltr'>Gr.</span> <span class='ocrx_word' id='word_1_192' title='bbox 1473 1427 1504 1469; x_wconf 73' lang='grc' dir='ltr'>ξ.</span> <span class='ocrx_word' id='word_1_193' title='bbox 1530 1427 1610 1463; x_wconf 85' lang='lat'><strong>306.</strong></span> 
     </span>
     <span class='ocr_line' id='line_1_30' title="bbox 969 1473 1611 1519; baseline -0.002 -12"><span class='ocrx_word' id='word_1_194' title='bbox 969 1475 1004 1510; x_wconf 85' lang='lat'>3.</span> <span class='ocrx_word' id='word_1_195' title='bbox 1032 1481 1066 1508; x_wconf 83' lang='lat' dir='ltr'>et</span> <span class='ocrx_word' id='word_1_196' title='bbox 1092 1486 1173 1509; x_wconf 84' lang='lat' dir='ltr'>mox</span> <span class='ocrx_word' id='word_1_197' title='bbox 1204 1488 1235 1519; x_wconf 86' lang='lat' dir='ltr'>p.</span> <span class='ocrx_word' id='word_1_198' title='bbox 1263 1475 1343 1510; x_wconf 80' lang='lat'><strong>908.</strong></span> <span class='ocrx_word' id='word_1_199' title='bbox 1369 1473 1409 1506; x_wconf 80' lang='lat' dir='ltr'>E.</span> <span class='ocrx_word' id='word_1_200' title='bbox 1444 1479 1503 1506; x_wconf 90' lang='lat' dir='ltr'>aut</span> <span class='ocrx_word' id='word_1_201' title='bbox 1534 1484 1611 1506; x_wconf 91' lang='lat' dir='ltr'>cum</span> 
     </span>
     <span class='ocr_line' id='line_1_31' title="bbox 972 1521 1612 1563; baseline -0.006 -9"><span class='ocrx_word' id='word_1_202' title='bbox 972 1523 1102 1554; x_wconf 82' lang='lat' dir='ltr'>Astio</span> <span class='ocrx_word' id='word_1_203' title='bbox 1158 1521 1399 1563; x_wconf 83' lang='lat' dir='ltr'>corrigendum</span> <span class='ocrx_word' id='word_1_204' title='bbox 1464 1524 1612 1551; x_wconf 82' lang='lat' dir='ltr'>statuat:</span> 
     </span>
     <span class='ocr_line' id='line_1_32' title="bbox 971 1564 1612 1611; baseline -0.005 -12"><span class='ocrx_word' id='word_1_205' title='bbox 971 1569 1268 1611; x_wconf 79' lang='grc' dir='ltr'><em>σωφρονιστηρίου</em></span> <span class='ocrx_word' id='word_1_206' title='bbox 1298 1564 1612 1607; x_wconf 75' lang='grc' dir='ltr'><em>ἐπονομαζομὲνου.</em></span> 
     </span>
     <span class='ocr_line' id='line_1_33' title="bbox 971 1611 1614 1655; baseline -0.002 -11"><span class='ocrx_word' id='word_1_207' title='bbox 971 1613 1215 1645; x_wconf 73' lang='lat' dir='ltr'>Nominativns</span> <span class='ocrx_word' id='word_1_208' title='bbox 1248 1612 1416 1655; x_wconf 86' lang='lat' dir='ltr'>participii</span> <span class='ocrx_word' id='word_1_209' title='bbox 1451 1612 1540 1642; x_wconf 84' lang='lat' dir='ltr'>enim</span> <span class='ocrx_word' id='word_1_210' title='bbox 1567 1611 1614 1643; x_wconf 81' lang='lat' dir='ltr'>ita</span> 
     </span>
     <span class='ocr_line' id='line_1_34' title="bbox 971 1657 1614 1701; baseline -0.002 -11"><span class='ocrx_word' id='word_1_211' title='bbox 971 1659 1123 1691; x_wconf 76' lang='lat' dir='ltr'>subinde</span> <span class='ocrx_word' id='word_1_212' title='bbox 1156 1659 1293 1701; x_wconf 88' lang='lat' dir='ltr'>ponitur</span> <span class='ocrx_word' id='word_1_213' title='bbox 1326 1658 1358 1690; x_wconf 91' lang='lat' dir='ltr'>iu</span> <span class='ocrx_word' id='word_1_214' title='bbox 1390 1657 1614 1698; x_wconf 85' lang='lat' dir='ltr'>appositione</span> 
     </span>
     <span class='ocr_line' id='line_1_35' title="bbox 970 1703 1614 1746; baseline -0.005 -9"><span class='ocrx_word' id='word_1_215' title='bbox 970 1703 1204 1746; x_wconf 84' lang='lat' dir='ltr'>praecedente</span> <span class='ocrx_word' id='word_1_216' title='bbox 1237 1705 1305 1736; x_wconf 77' lang='lat' dir='ltr'>aiio</span> <span class='ocrx_word' id='word_1_217' title='bbox 1338 1703 1484 1735; x_wconf 87' lang='lat' dir='ltr'>nominis</span> <span class='ocrx_word' id='word_1_218' title='bbox 1518 1713 1614 1742; x_wconf 83' lang='lat' dir='ltr'>casu,</span> 
     </span>
     <span class='ocr_line' id='line_1_36' title="bbox 971 1749 1611 1793; baseline -0.003 -11"><span class='ocrx_word' id='word_1_219' title='bbox 971 1752 1143 1793; x_wconf 82' lang='lat' dir='ltr'>genitivo,</span> <span class='ocrx_word' id='word_1_220' title='bbox 1181 1751 1316 1791; x_wconf 86' lang='lat' dir='ltr'>dativo,</span> <span class='ocrx_word' id='word_1_221' title='bbox 1343 1749 1553 1780; x_wconf 78' lang='lat' dir='ltr'>accusativo.</span> <span class='ocrx_word' id='word_1_222' title='bbox 1581 1759 1611 1780; x_wconf 83' lang='lat' dir='ltr'>v.</span> 
     </span>
     <span class='ocr_line' id='line_1_37' title="bbox 972 1794 1615 1836; baseline -0.003 -7"><span class='ocrx_word' id='word_1_223' title='bbox 972 1807 1048 1829; x_wconf 82' lang='lat' dir='ltr'>ann.</span> <span class='ocrx_word' id='word_1_224' title='bbox 1080 1798 1124 1830; x_wconf 83' lang='lat' dir='ltr'>ad</span> <span class='ocrx_word' id='word_1_225' title='bbox 1159 1796 1308 1829; x_wconf 81' lang='lat' dir='ltr'>Phaedr.</span> <span class='ocrx_word' id='word_1_226' title='bbox 1345 1805 1378 1836; x_wconf 88' lang='lat' dir='ltr'>p.</span> <span class='ocrx_word' id='word_1_227' title='bbox 1404 1794 1484 1828; x_wconf 76' lang='lat'><strong>241.</strong></span> <span class='ocrx_word' id='word_1_228' title='bbox 1512 1794 1552 1825; x_wconf 88' lang='lat' dir='ltr'>D.</span> <span class='ocrx_word' id='word_1_229' title='bbox 1580 1800 1615 1827; x_wconf 88' lang='lat' dir='ltr'>et</span> 
     </span>
     <span class='ocr_line' id='line_1_38' title="bbox 974 1839 1612 1885; baseline -0.005 -11"><span class='ocrx_word' id='word_1_230' title='bbox 974 1842 1160 1885; x_wconf 58' lang='lat' dir='ltr'>Kriigerss&#39;</span> <span class='ocrx_word' id='word_1_231' title='bbox 1187 1842 1229 1874; x_wconf 87' lang='lat' dir='ltr'>ad</span> <span class='ocrx_word' id='word_1_232' title='bbox 1255 1839 1410 1880; x_wconf 65' lang='lat' dir='ltr'>Thucy-d.</span> <span class='ocrx_word' id='word_1_233' title='bbox 1441 1840 1528 1871; x_wconf 81' lang='lat' dir='ltr'>vm.</span> <span class='ocrx_word' id='word_1_234' title='bbox 1555 1840 1612 1875; x_wconf 88' lang='lat'>63.</span> 
     </span>
    </p>
   </div>
   <div class='ocr_carea' id='block_1_5' title="bbox 259 1885 908 2566">
    <p class='ocr_par' dir='ltr' id='par_1_6' title="bbox 259 1885 908 2566">
     <span class='ocr_line' id='line_1_39' title="bbox 262 1885 902 1928; baseline 0 -10"><span class='ocrx_word' id='word_1_235' title='bbox 262 1897 295 1927; x_wconf 87' lang='lat' dir='ltr'>p.</span> <span class='ocrx_word' id='word_1_236' title='bbox 329 1885 409 1920; x_wconf 85' lang='lat'><strong>833.</strong></span> <span class='ocrx_word' id='word_1_237' title='bbox 443 1885 504 1918; x_wconf 85' lang='grc' dir='ltr'>ΧΙ.</span> <span class='ocrx_word' id='word_1_238' title='bbox 542 1898 573 1928; x_wconf 84' lang='grc' dir='ltr'>ρ.</span> <span class='ocrx_word' id='word_1_239' title='bbox 606 1888 685 1922; x_wconf 84' lang='grc'><strong>919.</strong></span> <span class='ocrx_word' id='word_1_240' title='bbox 725 1887 762 1918; x_wconf 83' lang='grc' dir='ltr'>Ε.</span> <span class='ocrx_word' id='word_1_241' title='bbox 791 1889 833 1918; x_wconf 84' lang='lat' dir='ltr'>ai.</span> <span class='ocrx_word' id='word_1_242' title='bbox 862 1904 902 1910; x_wconf 85' lang='lat'><em>-</em></span> 
     </span>
     <span class='ocr_line' id='line_1_40' title="bbox 260 1931 903 1973; baseline 0 -10"><span class='ocrx_word' id='word_1_243' title='bbox 260 1931 479 1973; x_wconf 80' lang='grc' dir='ltr'><em>σωτηρίας</em></span> <span class='ocrx_word' id='word_1_244' title='bbox 505 1932 628 1964; x_wconf 66' lang='grc' dir='ltr'><em>ἕνεκα</em></span> <span class='ocrx_word' id='word_1_245' title='bbox 653 1952 698 1957; x_wconf 95' lang='lat'>—-</span> <span class='ocrx_word' id='word_1_246' title='bbox 725 1936 808 1964; x_wconf 81' lang='grc' dir='ltr'>τῶν</span> <span class='ocrx_word' id='word_1_247' title='bbox 834 1944 903 1964; x_wconf 81' lang='grc' dir='ltr'>σω·</span> 
     </span>
     <span class='ocr_line' id='line_1_41' title="bbox 259 1976 906 2019; baseline 0.003 -12"><span class='ocrx_word' id='word_1_248' title='bbox 259 1976 420 2019; x_wconf 78' lang='grc' dir='ltr'><em>μάτων,</em></span> <span class='ocrx_word' id='word_1_249' title='bbox 446 1983 495 2009; x_wconf 91' lang='lat' dir='ltr'>ut</span> <span class='ocrx_word' id='word_1_250' title='bbox 525 1979 830 2018; x_wconf 83' lang='lat' dir='ltr'>detineantur,</span> <span class='ocrx_word' id='word_1_251' title='bbox 856 1988 906 2009; x_wconf 86' lang='lat' dir='ltr'>ne</span> 
     </span>
     <span class='ocr_line' id='line_1_42' title="bbox 262 2023 905 2065; baseline 0.002 -10"><span class='ocrx_word' id='word_1_252' title='bbox 262 2024 438 2065; x_wconf 77' lang='lat' dir='ltr'>possint</span> <span class='ocrx_word' id='word_1_253' title='bbox 474 2023 708 2065; x_wconf 77' lang='lat' dir='ltr'>aufugere3</span> <span class='ocrx_word' id='word_1_254' title='bbox 742 2034 802 2055; x_wconf 90' lang='lat' dir='ltr'>um</span> <span class='ocrx_word' id='word_1_255' title='bbox 841 2024 905 2056; x_wconf 79' lang='lat' dir='ltr'>sie</span> 
     </span>
     <span class='ocr_line' id='line_1_43' title="bbox 262 2068 905 2110; baseline 0.002 -11"><span class='ocrx_word' id='word_1_256' title='bbox 262 2071 303 2100; x_wconf 85' lang='lat' dir='ltr'>in</span> <span class='ocrx_word' id='word_1_257' title='bbox 339 2068 666 2110; x_wconf 70' lang='lat' dir='ltr'>persflnlichem</span> <span class='ocrx_word' id='word_1_258' title='bbox 708 2068 905 2101; x_wconf 78' lang='lat' dir='ltr'>Gewahr-</span> 
     </span>
     <span class='ocr_line' id='line_1_44' title="bbox 262 2114 907 2156; baseline 0 -10"><span class='ocrx_word' id='word_1_259' title='bbox 262 2124 350 2146; x_wconf 77' lang='lat' dir='ltr'>sam</span> <span class='ocrx_word' id='word_1_260' title='bbox 376 2123 425 2145; x_wconf 91' lang='lat' dir='ltr'>zu</span> <span class='ocrx_word' id='word_1_261' title='bbox 451 2114 612 2147; x_wconf 74' lang='lat' dir='ltr'>hatten.</span> <span class='ocrx_word' id='word_1_262' title='bbox 651 2114 907 2156; x_wconf 79' lang='lat' dir='ltr'>Estigiturhic</span> 
     </span>
     <span class='ocr_line' id='line_1_45' title="bbox 262 2159 905 2201; baseline 0 -9"><span class='ocrx_word' id='word_1_263' title='bbox 262 2170 382 2192; x_wconf 84' lang='lat' dir='ltr'>carcer</span> <span class='ocrx_word' id='word_1_264' title='bbox 409 2159 598 2192; x_wconf 82' lang='lat' dir='ltr'>destinatus</span> <span class='ocrx_word' id='word_1_265' title='bbox 623 2161 677 2201; x_wconf 84' lang='lat' dir='ltr'>iis,</span> <span class='ocrx_word' id='word_1_266' title='bbox 703 2163 758 2201; x_wconf 81' lang='lat' dir='ltr'>qui</span> <span class='ocrx_word' id='word_1_267' title='bbox 783 2170 905 2201; x_wconf 83' lang='lat' dir='ltr'>pecca-</span> 
     </span>
     <span class='ocr_line' id='line_1_46' title="bbox 265 2206 903 2247; baseline -0.002 -10"><span class='ocrx_word' id='word_1_268' title='bbox 265 2210 346 2237; x_wconf 87' lang='lat' dir='ltr'>runt</span> <span class='ocrx_word' id='word_1_269' title='bbox 371 2206 500 2246; x_wconf 76' lang='lat' dir='ltr'>levius,</span> <span class='ocrx_word' id='word_1_270' title='bbox 533 2207 682 2247; x_wconf 82' lang='lat' dir='ltr'>ideoque</span> <span class='ocrx_word' id='word_1_271' title='bbox 711 2209 786 2243; x_wconf 85' lang='grc' dir='ltr'><em>τοῖς</em></span> <span class='ocrx_word' id='word_1_272' title='bbox 818 2206 903 2238; x_wconf 82' lang='grc' dir='ltr'><em>πολ-</em></span> 
     </span>
     <span class='ocr_line' id='line_1_47' title="bbox 265 2249 908 2294; baseline 0 -12"><span class='ocrx_word' id='word_1_273' title='bbox 265 2253 338 2289; x_wconf 83' lang='grc' dir='ltr'><em>λοῖς</em></span> <span class='ocrx_word' id='word_1_274' title='bbox 376 2250 538 2292; x_wconf 83' lang='lat' dir='ltr'>inservit,</span> <span class='ocrx_word' id='word_1_275' title='bbox 587 2257 746 2294; x_wconf 80' lang='lat' dir='ltr'>tanquam</span> <span class='ocrx_word' id='word_1_276' title='bbox 795 2249 908 2288; x_wconf 77' lang='grc' dir='ltr'><em>κοινός</em></span> 
     </span>
     <span class='ocr_line' id='line_1_48' title="bbox 264 2296 905 2339; baseline -0.002 -11"><span class='ocrx_word' id='word_1_277' title='bbox 264 2301 340 2332; x_wconf 80' lang='grc' dir='ltr'><em>τοῖς</em></span> <span class='ocrx_word' id='word_1_278' title='bbox 365 2298 558 2333; x_wconf 73' lang='grc' dir='ltr'><em>πλείστοις.</em></span> <span class='ocrx_word' id='word_1_279' title='bbox 584 2299 640 2339; x_wconf 87' lang='lat' dir='ltr'>qui</span> <span class='ocrx_word' id='word_1_280' title='bbox 667 2298 711 2329; x_wconf 81' lang='lat' dir='ltr'>ibi</span> <span class='ocrx_word' id='word_1_281' title='bbox 739 2296 815 2330; x_wconf 81' lang='lat' dir='ltr'>nihil</span> <span class='ocrx_word' id='word_1_282' title='bbox 842 2297 905 2328; x_wconf 83' lang='lat' dir='ltr'>nisi</span> 
     </span>
     <span class='ocr_line' id='line_1_49' title="bbox 265 2343 907 2384; baseline -0.002 -10"><span class='ocrx_word' id='word_1_283' title='bbox 265 2348 424 2375; x_wconf 82' lang='lat' dir='ltr'>tenentur</span> <span class='ocrx_word' id='word_1_284' title='bbox 449 2349 483 2375; x_wconf 81' lang='lat' dir='ltr'>et</span> <span class='ocrx_word' id='word_1_285' title='bbox 508 2344 754 2382; x_wconf 81' lang='lat' dir='ltr'>custodiuntur</span> <span class='ocrx_word' id='word_1_286' title='bbox 769 2343 907 2384; x_wconf 77' lang='lat' dir='ltr'>captivi.</span> 
     </span>
     <span class='ocr_line' id='line_1_50' title="bbox 265 2388 905 2431; baseline 0.002 -13"><span class='ocrx_word' id='word_1_287' title='bbox 265 2407 309 2411; x_wconf 91' lang='lat'>—</span> <span class='ocrx_word' id='word_1_288' title='bbox 355 2388 452 2431; x_wconf 80' lang='grc' dir='ltr'>περὶ</span> <span class='ocrx_word' id='word_1_289' title='bbox 487 2388 562 2420; x_wconf 79' lang='grc' dir='ltr'>τὸν</span> <span class='ocrx_word' id='word_1_290' title='bbox 600 2392 683 2421; x_wconf 82' lang='grc' dir='ltr'>τῶν</span> <span class='ocrx_word' id='word_1_291' title='bbox 722 2402 749 2422; x_wconf 81' lang='grc' dir='ltr'><em>ν.</em></span> <span class='ocrx_word' id='word_1_292' title='bbox 790 2388 905 2420; x_wconf 78' lang='grc' dir='ltr'><em>συλλ.</em></span> 
     </span>
     <span class='ocr_line' id='line_1_51' title="bbox 265 2431 905 2475; baseline 0.005 -13"><span class='ocrx_word' id='word_1_293' title='bbox 265 2431 497 2475; x_wconf 68' lang='grc' dir='ltr'><em>ξύλλογον,</em></span> <span class='ocrx_word' id='word_1_294' title='bbox 535 2434 612 2472; x_wconf 79' lang='lat' dir='ltr'>ibi,</span> <span class='ocrx_word' id='word_1_295' title='bbox 647 2434 715 2466; x_wconf 89' lang='lat' dir='ltr'>ubi</span> <span class='ocrx_word' id='word_1_296' title='bbox 747 2438 815 2467; x_wconf 76' lang='lat' dir='ltr'>est</span> <span class='ocrx_word' id='word_1_297' title='bbox 840 2444 905 2466; x_wconf 89' lang='lat' dir='ltr'>co-</span> 
     </span>
     <span class='ocr_line' id='line_1_52' title="bbox 266 2479 906 2512; baseline 0.002 -1"><span class='ocrx_word' id='word_1_298' title='bbox 266 2479 430 2511; x_wconf 85' lang='lat' dir='ltr'>mitium</span> <span class='ocrx_word' id='word_1_299' title='bbox 476 2485 609 2512; x_wconf 87' lang='lat' dir='ltr'>noctu</span> <span class='ocrx_word' id='word_1_300' title='bbox 645 2480 906 2512; x_wconf 87' lang='lat' dir='ltr'>convenien-</span> 
     </span>
     <span class='ocr_line' id='line_1_53' title="bbox 263 2523 904 2566; baseline 0.002 -10"><span class='ocrx_word' id='word_1_301' title='bbox 263 2523 387 2557; x_wconf 85' lang='lat' dir='ltr'>tium:</span> <span class='ocrx_word' id='word_1_302' title='bbox 415 2523 458 2557; x_wconf 88' lang='lat' dir='ltr'>de</span> <span class='ocrx_word' id='word_1_303' title='bbox 482 2535 549 2566; x_wconf 83' lang='lat' dir='ltr'>quo</span> <span class='ocrx_word' id='word_1_304' title='bbox 577 2530 746 2558; x_wconf 78' lang='lat' dir='ltr'>conventu</span> <span class='ocrx_word' id='word_1_305' title='bbox 775 2537 803 2558; x_wconf 78' lang='lat' dir='ltr'>v.</span> <span class='ocrx_word' id='word_1_306' title='bbox 827 2525 904 2558; x_wconf 87' lang='grc' dir='ltr'>ΧΙΙ.</span> 
     </span>
    </p>
   </div>
   <div class='ocr_carea' id='block_1_6' title="bbox 265 2569 921 2612">
    <p class='ocr_par' dir='ltr' id='par_1_7' title="bbox 265 2569 921 2612">
     <span class='ocr_line' id='line_1_54' title="bbox 265 2569 921 2612; baseline 0.002 -11"><span class='ocrx_word' id='word_1_307' title='bbox 265 2580 298 2610; x_wconf 86' lang='grc' dir='ltr'>ρ.</span> <span class='ocrx_word' id='word_1_308' title='bbox 325 2569 403 2603; x_wconf 83' lang='grc'><strong>961.</strong></span> <span class='ocrx_word' id='word_1_309' title='bbox 425 2570 467 2602; x_wconf 91' lang='lat' dir='ltr'>B.</span> <span class='ocrx_word' id='word_1_310' title='bbox 518 2572 606 2602; x_wconf 60' lang='lat' dir='ltr'>Dein</span> <span class='ocrx_word' id='word_1_311' title='bbox 635 2582 676 2604; x_wconf 88' lang='lat' dir='ltr'>ne</span> <span class='ocrx_word' id='word_1_312' title='bbox 699 2571 776 2612; x_wconf 83' lang='lat' dir='ltr'>quis</span> <span class='ocrx_word' id='word_1_313' title='bbox 802 2576 859 2602; x_wconf 82' lang='lat' dir='ltr'>aut</span> <span class='ocrx_word' id='word_1_314' title='bbox 886 2569 921 2603; x_wconf 71' lang='lat' dir='ltr'>au</span> 
     </span>
    </p>
   </div>
   <div class='ocr_carea' id='block_1_7' title="bbox 264 2615 904 2704">
    <p class='ocr_par' dir='ltr' id='par_1_8' title="bbox 264 2615 904 2704">
     <span class='ocr_line' id='line_1_55' title="bbox 264 2615 904 2658; baseline 0 -10"><span class='ocrx_word' id='word_1_315' title='bbox 264 2615 437 2648; x_wconf 59' lang='lat' dir='ltr'>excidivse</span> <span class='ocrx_word' id='word_1_316' title='bbox 471 2622 553 2657; x_wconf 80' lang='lat' dir='ltr'>post</span> <span class='ocrx_word' id='word_1_317' title='bbox 586 2615 752 2658; x_wconf 76' lang='grc' dir='ltr'><em>Ξύλλογον</em></span> <span class='ocrx_word' id='word_1_318' title='bbox 795 2621 904 2658; x_wconf 61' lang='lat' dir='ltr'>putet,</span> 
     </span>
     <span class='ocr_line' id='line_1_56' title="bbox 265 2662 901 2704; baseline 0.002 -11"><span class='ocrx_word' id='word_1_319' title='bbox 265 2665 302 2693; x_wconf 91' lang='lat' dir='ltr'>ut</span> <span class='ocrx_word' id='word_1_320' title='bbox 330 2662 544 2703; x_wconf 75' lang='lat' dir='ltr'>intelligatur</span> <span class='ocrx_word' id='word_1_321' title='bbox 563 2663 666 2703; x_wconf 72' lang='lat' dir='ltr'>ludu,</span> <span class='ocrx_word' id='word_1_322' title='bbox 694 2662 737 2694; x_wconf 85' lang='lat' dir='ltr'>de</span> <span class='ocrx_word' id='word_1_323' title='bbox 762 2673 831 2704; x_wconf 74' lang='lat' dir='ltr'>qna</span> <span class='ocrx_word' id='word_1_324' title='bbox 856 2665 901 2695; x_wconf 79' lang='lat' dir='ltr'>ei-</span> 
     </span>
    </p>
   </div>
   <div class='ocr_carea' id='block_1_8' title="bbox 971 1885 1616 2707">
    <p class='ocr_par' dir='ltr' id='par_1_9' title="bbox 971 1885 1616 2707">
     <span class='ocr_line' id='line_1_57' title="bbox 972 1885 1615 1928; baseline -0.003 -10"><span class='ocrx_word' id='word_1_325' title='bbox 972 1893 1060 1920; x_wconf 81' lang='lat' dir='ltr'>extr.</span> <span class='ocrx_word' id='word_1_326' title='bbox 1090 1906 1128 1910; x_wconf 87' lang='lat'>—-</span> <span class='ocrx_word' id='word_1_327' title='bbox 1186 1886 1237 1924; x_wconf 81' lang='grc' dir='ltr'>ὡς</span> <span class='ocrx_word' id='word_1_328' title='bbox 1279 1886 1301 1918; x_wconf 79' lang='grc' dir='ltr'>δ’</span> <span class='ocrx_word' id='word_1_329' title='bbox 1341 1898 1381 1917; x_wconf 81' lang='grc' dir='ltr'><em>τι</em></span> <span class='ocrx_word' id='word_1_330' title='bbox 1424 1885 1615 1928; x_wconf 75' lang='grc' dir='ltr'><em>μάλιστα</em></span> 
     </span>
     <span class='ocr_line' id='line_1_58' title="bbox 971 1932 1615 1975; baseline -0.002 -10"><span class='ocrx_word' id='word_1_331' title='bbox 971 1933 1268 1975; x_wconf 75' lang='grc' dir='ltr'><em>ἀγριώτατος.</em></span> <span class='ocrx_word' id='word_1_332' title='bbox 1342 1932 1417 1964; x_wconf 81' lang='lat' dir='ltr'>Lat.</span> <span class='ocrx_word' id='word_1_333' title='bbox 1477 1937 1516 1964; x_wconf 77' lang='lat' dir='ltr'>et</span> <span class='ocrx_word' id='word_1_334' title='bbox 1571 1936 1615 1964; x_wconf 69' lang='lat' dir='ltr'>ut</span> 
     </span>
     <span class='ocr_line' id='line_1_59' title="bbox 973 1978 1612 2020; baseline -0.003 -10"><span class='ocrx_word' id='word_1_335' title='bbox 973 1990 1094 2020; x_wconf 83' lang='lat' dir='ltr'>quam</span> <span class='ocrx_word' id='word_1_336' title='bbox 1157 1980 1339 2011; x_wconf 82' lang='lat' dir='ltr'>maxime</span> <span class='ocrx_word' id='word_1_337' title='bbox 1405 1978 1612 2017; x_wconf 72' lang='lat' dir='ltr'>agrestis.</span> 
     </span>
     <span class='ocr_line' id='line_1_60' title="bbox 974 2024 1613 2065; baseline -0.003 -9"><span class='ocrx_word' id='word_1_338' title='bbox 974 2024 1032 2056; x_wconf 88' lang='lat' dir='ltr'>Sic</span> <span class='ocrx_word' id='word_1_339' title='bbox 1064 2024 1109 2060; x_wconf 76' lang='grc' dir='ltr'>ὥς</span> <span class='ocrx_word' id='word_1_340' title='bbox 1142 2024 1164 2056; x_wconf 74' lang='grc' dir='ltr'>δ’</span> <span class='ocrx_word' id='word_1_341' title='bbox 1196 2037 1231 2056; x_wconf 80' lang='grc' dir='ltr'>τι</span> <span class='ocrx_word' id='word_1_342' title='bbox 1264 2025 1474 2065; x_wconf 80' lang='lat' dir='ltr'>superiativo</span> <span class='ocrx_word' id='word_1_343' title='bbox 1515 2033 1613 2064; x_wconf 69' lang='lat' dir='ltr'>prae-</span> 
     </span>
     <span class='ocr_line' id='line_1_61' title="bbox 974 2068 1613 2110; baseline -0.003 -8"><span class='ocrx_word' id='word_1_344' title='bbox 974 2071 1117 2102; x_wconf 81' lang='lat' dir='ltr'>missum</span> <span class='ocrx_word' id='word_1_345' title='bbox 1161 2070 1255 2101; x_wconf 85' lang='lat' dir='ltr'>Libr.</span> <span class='ocrx_word' id='word_1_346' title='bbox 1297 2069 1335 2100; x_wconf 84' lang='lat' dir='ltr'>V.</span> <span class='ocrx_word' id='word_1_347' title='bbox 1379 2080 1410 2110; x_wconf 87' lang='lat' dir='ltr'>p.</span> <span class='ocrx_word' id='word_1_348' title='bbox 1453 2068 1532 2103; x_wconf 86' lang='lat'><strong>731.</strong></span> <span class='ocrx_word' id='word_1_349' title='bbox 1570 2068 1613 2100; x_wconf 86' lang='lat' dir='ltr'>B.</span> 
     </span>
     <span class='ocr_line' id='line_1_62' title="bbox 975 2113 1612 2156; baseline -0.005 -7"><span class='ocrx_word' id='word_1_350' title='bbox 975 2116 1052 2149; x_wconf 82' lang='lat'><strong>743.</strong></span> <span class='ocrx_word' id='word_1_351' title='bbox 1081 2117 1121 2148; x_wconf 89' lang='lat' dir='ltr'>D.</span> <span class='ocrx_word' id='word_1_352' title='bbox 1148 2117 1210 2148; x_wconf 90' lang='lat' dir='ltr'>VI.</span> <span class='ocrx_word' id='word_1_353' title='bbox 1235 2126 1267 2156; x_wconf 91' lang='lat' dir='ltr'>p.</span> <span class='ocrx_word' id='word_1_354' title='bbox 1295 2113 1373 2149; x_wconf 82' lang='lat'><strong>758.</strong></span> <span class='ocrx_word' id='word_1_355' title='bbox 1402 2117 1440 2145; x_wconf 79' lang='grc' dir='ltr'>Α.</span> <span class='ocrx_word' id='word_1_356' title='bbox 1469 2114 1546 2148; x_wconf 88' lang='grc'><strong>759.</strong></span> <span class='ocrx_word' id='word_1_357' title='bbox 1574 2113 1612 2146; x_wconf 91' lang='lat' dir='ltr'>C.</span> 
     </span>
     <span class='ocr_line' id='line_1_63' title="bbox 975 2158 1613 2196; baseline -0.009 0"><span class='ocrx_word' id='word_1_358' title='bbox 975 2161 1052 2196; x_wconf 80' lang='grc'><strong>783.</strong></span> <span class='ocrx_word' id='word_1_359' title='bbox 1083 2162 1121 2193; x_wconf 87' lang='grc' dir='ltr'>Ι).</span> <span class='ocrx_word' id='word_1_360' title='bbox 1155 2162 1210 2193; x_wconf 83' lang='lat' dir='ltr'>ubi</span> <span class='ocrx_word' id='word_1_361' title='bbox 1239 2166 1293 2193; x_wconf 84' lang='lat' dir='ltr'>est</span> <span class='ocrx_word' id='word_1_362' title='bbox 1317 2160 1361 2195; x_wconf 75' lang='grc' dir='ltr'>ὡς</span> <span class='ocrx_word' id='word_1_363' title='bbox 1389 2158 1410 2190; x_wconf 74' lang='grc' dir='ltr'>δ’</span> <span class='ocrx_word' id='word_1_364' title='bbox 1437 2173 1469 2191; x_wconf 89' lang='grc' dir='ltr'><em>τι</em></span> <span class='ocrx_word' id='word_1_365' title='bbox 1497 2159 1613 2191; x_wconf 72' lang='grc' dir='ltr'><em>κάλλι-</em></span> 
     </span>
     <span class='ocr_line' id='line_1_64' title="bbox 975 2205 1612 2248; baseline -0.003 -10"><span class='ocrx_word' id='word_1_366' title='bbox 975 2219 1057 2238; x_wconf 84' lang='grc' dir='ltr'><em>στον</em></span> <span class='ocrx_word' id='word_1_367' title='bbox 1087 2207 1133 2242; x_wconf 74' lang='grc' dir='ltr'>εἷς</span> <span class='ocrx_word' id='word_1_368' title='bbox 1164 2205 1330 2248; x_wconf 69' lang='grc' dir='ltr'><em>δύναμιν.</em></span> <span class='ocrx_word' id='word_1_369' title='bbox 1368 2205 1433 2237; x_wconf 86' lang='grc' dir='ltr'>ΙΧ.</span> <span class='ocrx_word' id='word_1_370' title='bbox 1467 2216 1499 2247; x_wconf 87' lang='lat' dir='ltr'>p.</span> <span class='ocrx_word' id='word_1_371' title='bbox 1534 2206 1612 2240; x_wconf 82' lang='grc'><strong>887.</strong></span> 
     </span>
     <span class='ocr_line' id='line_1_65' title="bbox 975 2251 1614 2294; baseline -0.002 -9"><span class='ocrx_word' id='word_1_372' title='bbox 975 2253 1021 2285; x_wconf 92' lang='lat' dir='ltr'>D.</span> <span class='ocrx_word' id='word_1_373' title='bbox 1048 2251 1089 2284; x_wconf 82' lang='grc' dir='ltr'>Ε.</span> <span class='ocrx_word' id='word_1_374' title='bbox 1117 2252 1235 2294; x_wconf 75' lang='lat' dir='ltr'><strong>Symp.</strong></span> <span class='ocrx_word' id='word_1_375' title='bbox 1264 2251 1392 2293; x_wconf 74' lang='lat' dir='ltr'><strong>p.218.</strong></span> <span class='ocrx_word' id='word_1_376' title='bbox 1421 2251 1460 2282; x_wconf 90' lang='lat' dir='ltr'>D.</span> <span class='ocrx_word' id='word_1_377' title='bbox 1490 2252 1534 2284; x_wconf 82' lang='lat' dir='ltr'>ai.</span> <span class='ocrx_word' id='word_1_378' title='bbox 1563 2251 1614 2284; x_wconf 84' lang='lat' dir='ltr'>Ex</span> 
     </span>
     <span class='ocr_line' id='line_1_66' title="bbox 976 2297 1616 2340; baseline -0.003 -10"><span class='ocrx_word' id='word_1_379' title='bbox 976 2298 1183 2340; x_wconf 83' lang='lat' dir='ltr'>posterioris</span> <span class='ocrx_word' id='word_1_380' title='bbox 1224 2299 1350 2330; x_wconf 80' lang='lat' dir='ltr'>aetatis</span> <span class='ocrx_word' id='word_1_381' title='bbox 1389 2297 1616 2339; x_wconf 85' lang='lat' dir='ltr'>scriptoribus</span> 
     </span>
     <span class='ocr_line' id='line_1_67' title="bbox 977 2342 1614 2381; baseline -0.002 -5"><span class='ocrx_word' id='word_1_382' title='bbox 977 2345 1055 2376; x_wconf 78' lang='lat' dir='ltr'>talia</span> <span class='ocrx_word' id='word_1_383' title='bbox 1082 2344 1223 2381; x_wconf 61' lang='lat' dir='ltr'>couogit</span> <span class='ocrx_word' id='word_1_384' title='bbox 1249 2344 1408 2375; x_wconf 79' lang='lat' dir='ltr'>Incobs</span> <span class='ocrx_word' id='word_1_385' title='bbox 1435 2344 1476 2375; x_wconf 78' lang='lat' dir='ltr'>ad</span> <span class='ocrx_word' id='word_1_386' title='bbox 1498 2342 1614 2375; x_wconf 69' lang='lat' dir='ltr'>Achiui.</span> 
     </span>
     <span class='ocr_line' id='line_1_68' title="bbox 976 2389 1615 2431; baseline -0.005 -9"><span class='ocrx_word' id='word_1_387' title='bbox 976 2389 1057 2422; x_wconf 79' lang='lat' dir='ltr'>Tat.</span> <span class='ocrx_word' id='word_1_388' title='bbox 1086 2400 1118 2431; x_wconf 88' lang='lat' dir='ltr'>p.</span> <span class='ocrx_word' id='word_1_389' title='bbox 1148 2389 1226 2423; x_wconf 74' lang='lat'><strong>673.</strong></span> <span class='ocrx_word' id='word_1_390' title='bbox 1261 2394 1295 2421; x_wconf 90' lang='lat' dir='ltr'>et</span> <span class='ocrx_word' id='word_1_391' title='bbox 1320 2400 1352 2429; x_wconf 83' lang='lat' dir='ltr'>p.</span> <span class='ocrx_word' id='word_1_392' title='bbox 1379 2389 1459 2423; x_wconf 83' lang='grc'><strong>694.</strong></span> <span class='ocrx_word' id='word_1_393' title='bbox 1493 2389 1615 2429; x_wconf 75' lang='lat' dir='ltr'>quibus</span> 
     </span>
     <span class='ocr_line' id='line_1_69' title="bbox 975 2433 1615 2476; baseline -0.005 -8"><span class='ocrx_word' id='word_1_394' title='bbox 975 2435 1085 2468; x_wconf 76' lang='lat' dir='ltr'>addas</span> <span class='ocrx_word' id='word_1_395' title='bbox 1119 2445 1209 2476; x_wconf 82' lang='lat' dir='ltr'>quae</span> <span class='ocrx_word' id='word_1_396' title='bbox 1249 2433 1347 2467; x_wconf 87' lang='lat' dir='ltr'>dedit</span> <span class='ocrx_word' id='word_1_397' title='bbox 1385 2434 1615 2467; x_wconf 79' lang='lat' dir='ltr'>Schaefer.</span> 
     </span>
     <span class='ocr_line' id='line_1_70' title="bbox 975 2479 1616 2523; baseline -0.003 -9"><span class='ocrx_word' id='word_1_398' title='bbox 975 2481 1016 2514; x_wconf 83' lang='lat' dir='ltr'>ad</span> <span class='ocrx_word' id='word_1_399' title='bbox 1044 2482 1193 2523; x_wconf 84' lang='lat' dir='ltr'>Gregor.</span> <span class='ocrx_word' id='word_1_400' title='bbox 1220 2479 1374 2514; x_wconf 80' lang='lat' dir='ltr'>Corinth.</span> <span class='ocrx_word' id='word_1_401' title='bbox 1404 2492 1438 2523; x_wconf 86' lang='lat' dir='ltr'>p.</span> <span class='ocrx_word' id='word_1_402' title='bbox 1463 2481 1521 2514; x_wconf 83' lang='lat'>52.</span> <span class='ocrx_word' id='word_1_403' title='bbox 1565 2481 1616 2512; x_wconf 89' lang='lat' dir='ltr'>De</span> 
     </span>
     <span class='ocr_line' id='line_1_71' title="bbox 973 2525 1613 2569; baseline -0.002 -11"><span class='ocrx_word' id='word_1_404' title='bbox 973 2525 1146 2569; x_wconf 73' lang='grc' dir='ltr'><em>μάλιστα,</em></span> <span class='ocrx_word' id='word_1_405' title='bbox 1181 2526 1396 2567; x_wconf 79' lang='lat' dir='ltr'>superlativo</span> <span class='ocrx_word' id='word_1_406' title='bbox 1428 2527 1545 2558; x_wconf 86' lang='lat' dir='ltr'>iuncto</span> <span class='ocrx_word' id='word_1_407' title='bbox 1582 2535 1613 2557; x_wconf 78' lang='lat' dir='ltr'>v.</span> 
     </span>
     <span class='ocr_line' id='line_1_72' title="bbox 974 2571 1612 2614; baseline -0.008 -9"><span class='ocrx_word' id='word_1_408' title='bbox 974 2572 1018 2606; x_wconf 77' lang='lat' dir='ltr'>ad</span> <span class='ocrx_word' id='word_1_409' title='bbox 1049 2571 1141 2604; x_wconf 84' lang='lat' dir='ltr'>Tim.</span> <span class='ocrx_word' id='word_1_410' title='bbox 1179 2583 1212 2614; x_wconf 82' lang='lat' dir='ltr'>p.</span> <span class='ocrx_word' id='word_1_411' title='bbox 1244 2572 1300 2606; x_wconf 79' lang='lat'>92.</span> <span class='ocrx_word' id='word_1_412' title='bbox 1329 2572 1373 2604; x_wconf 81' lang='lat' dir='ltr'>A.</span> <span class='ocrx_word' id='word_1_413' title='bbox 1398 2589 1441 2596; x_wconf 87' lang='lat'>—-·</span> <span class='ocrx_word' id='word_1_414' title='bbox 1490 2583 1612 2612; x_wconf 77' lang='grc' dir='ltr'><em>τιμω-</em></span> 
     </span>
     <span class='ocr_line' id='line_1_73' title="bbox 975 2617 1615 2660; baseline -0.002 -12"><span class='ocrx_word' id='word_1_415' title='bbox 975 2618 1076 2660; x_wconf 73' lang='grc' dir='ltr'><em>ρίας</em></span> <span class='ocrx_word' id='word_1_416' title='bbox 1114 2619 1220 2657; x_wconf 76' lang='grc' dir='ltr'><em>ἔχων</em></span> <span class='ocrx_word' id='word_1_417' title='bbox 1258 2618 1505 2657; x_wconf 73' lang='grc' dir='ltr'><em>ἐπωνυμίην</em></span> <span class='ocrx_word' id='word_1_418' title='bbox 1545 2617 1615 2658; x_wconf 61' lang='grc' dir='ltr'>φῆ-</span> 
     </span>
     <span class='ocr_line' id='line_1_74' title="bbox 973 2661 1614 2707; baseline 0.002 -15"><span class='ocrx_word' id='word_1_419' title='bbox 973 2676 1054 2707; x_wconf 74' lang='grc' dir='ltr'>μην</span> <span class='ocrx_word' id='word_1_420' title='bbox 1082 2662 1196 2703; x_wconf 63' lang='grc' dir='ltr'><em>τίνα’,</em></span> <span class='ocrx_word' id='word_1_421' title='bbox 1224 2665 1295 2703; x_wconf 82' lang='lat' dir='ltr'>qni</span> <span class='ocrx_word' id='word_1_422' title='bbox 1323 2665 1448 2695; x_wconf 81' lang='lat' dir='ltr'>iocus</span> <span class='ocrx_word' id='word_1_423' title='bbox 1473 2661 1614 2704; x_wconf 62' lang='grc' dir='ltr'>(ιῖγριιᾰ-</span> 
     </span>
    </p>
   </div>
   <div class='ocr_carea' id='block_1_9' title="bbox 1666 0 1781 2971">
    <p class='ocr_par' dir='ltr' id='par_1_10' title="bbox 1666 0 1781 2971">
     <span class='ocr_line' id='line_1_75' title="bbox 1666 0 1781 2971; baseline 0 0"><span class='ocrx_word' id='word_1_424' title='bbox 1666 0 1781 2971; x_wconf 95' lang='lat' dir='ltr'> </span> 
     </span>
    </p>
   </div>
  </div>
 </body>
</html>
