1781 2971
23 1462 26 1463 γ
78 1434 418 1465 abominandum
466 1439 506 1464 et
547 1444 715 1465 execra-

277 177 358 218 DE
394 175 664 218 LEGIBUS
700 174 815 216 blss.
850 174 931 216 IX.
965 176 1010 215 P.
1045 178 1138 217 ³372.
1173 175 1236 216 st.
1378 174 1430 215 83

76 294 263 349 σχέσθαι
302 298 479 346 γέιηται
515 293 685 336 μᾶλλον
718 290 826 334 ἑκων
862 289 932 334 διὰ
961 292 1013 332 τά
1055 293 1239 333 τοιαῦτα
1274 288 1429 349 φόνων

77 362 164 402 τῶν
202 359 349 419 πάντη
393 358 718 402 ἀνοσιωτατων.
761 357 784 402 ὁ
821 357 909 413 ydp
949 356 1002 409 δὴ
1040 360 1195 410 μῦθος
1228 355 1253 408 ἢ
1287 356 1431 411 λόφος,

75 424 101 478 ἡ
137 424 160 468 ὅ
204 442 239 467 τι
273 443 357 481 χρη
395 443 562 480 προςα)
567 426 735 483 ορεύειν
771 424 925 476 αὐτόν,
962 429 1006 466 ὲκ
1045 425 1244 467 παὶαιῶν
1280 427 1425 478 ἱερέων
1463 440 1501 482 E
1535 421 1539 423 ⁵

73 493 244 549 εἴρηται
282 508 446 551 σαᾳως,
478 491 536 543 ὡς
562 491 588 545 ἡ
625 495 713 535 τῶν
748 492 964 546 ξυῃενῶι
1002 491 1201 544 αἱμάτων
1240 488 1426 545 τιμωρὸς

74 562 171 612 δίκη
205 562 442 609 ἐπίσκοπος
476 559 598 614 νόιιῳ
630 561 795 616 χρῆται
831 560 891 612 τῷ
917 559 1000 599 νῦν
1039 556 1091 608 δὴ
1125 559 1329 611 λεχθέντι
1354 558 1428 600 καὶ

73 626 222 678 ἔταξεν
246 625 336 680 ἄρα
372 625 587 681 δράσαντί
608 642 651 669 τι
685 627 891 668 τοιοῦτον
912 625 1082 666 παθεῖν
1119 621 1261 665 ταύτά
1287 622 1428 676 ἀναγ-

74 699 226 743 καίως,
266 691 380 747 ἅπερ
418 695 621 749 ἔδρασεν·
668 697 703 736 εὶ
741 695 910 745 πατέρα
944 689 1169 733 ἀπέκτεινέ
1204 693 1311 731 ποτέ
1347 706 1425 740 τις,

74 758 215 802 αὐτὸν
249 761 382 801 τοῦτο
417 757 505 802 ὑπὸ
543 762 704 801 τέκνων
737 759 952 811 τολμῆσαι
986 758 1065 812 βίᾳ
1115 753 1345 810 rffioxoma
1382 756 1426 798 ἕν

74 841 161 869 τισι
201 824 400 881 χρόνοις,
445 823 529 867 κᾶν
567 820 669 887 [εἰ]
706 829 893 881 μητέρα,
938 827 1152 878 γενέσθαι
1197 839 1240 866 τε
1286 819 1427 864 αὑτὸν

74 895 262 945 θηλείας
304 890 584 947 μετασχόντα
637 890 807 950 φύσεως
858 890 1131 944 ἀναγκαῖον,
1173 888 1427 944 γενόμενόν

75 976 120 1003 τε
154 958 240 1003 ὑπὸ
276 960 362 1001 τῶν
397 961 707 1012 γεννηθέντων
743 961 884 1002 λιπεῖν
922 955 1002 1001 τὸν
1037 959 1137 1012 βίον
1172 961 1219 999 ἐν
1248 956 1427 1012 χρόνοις

167 1114 209 1145 Ε.
259 1110 484 1146 ἀπέκτεινέ
524 1115 625 1146 ποτὲ
662 1113 740 1156 τις]
770 1113 829 1146 Sic
857 1116 895 1146 A.
926 1110 964 1144 Ω.
990 1124 1022 1144 v.
1049 1113 1072 1144 f.
1101 1113 1132 1144 h.
1160 1113 1204 1144 al.
1238 1122 1301 1153 pro
1336 1113 1429 1152 vulg.

77 1161 125 1192 τίς
150 1170 241 1190 ποτε.

170 1203 245 1237 κᾶι
278 1217 311 1236 ει
347 1206 526 1249 μητέρα]
555 1207 624 1238 Pro
651 1205 684 1237 εἰ
709 1209 731 1237 ι
738 1203 814 1238 Ω..
843 1205 880 1239 Ξ.
909 1215 939 1235 v.
965 1204 990 1236 f.
1013 1204 1046 1235 h.
1072 1214 1103 1235 a.
1131 1214 1158 1237 c
1184 1202 1213 1234 ὃ.
1242 1213 1269 1233 ο.
1301 1203 1430 1235 habent

77 1248 108 1292 ἢ.
156 1252 343 1292 Vulgatum
368 1254 403 1284 in
428 1263 538 1294 marg.
565 1253 670 1285 habet
698 1249 735 1283 Ω.
785 1252 979 1291 Utrumque
1018 1251 1192 1282 vitiosum.
1220 1250 1338 1281 Herm
1365 1246 1429 1281 κᾶν

79 1294 97 1339 γ’
121 1299 261 1339 scripsit
287 1301 362 1330 voci
392 1295 412 1340 ἢ
437 1310 546 1331 uncos
571 1300 753 1331 adhibens

785 1434 955 1475 impiis,
995 1433 1028 1463 h.
1063 1443 1092 1464 e.
1126 1437 1163 1463 ut
1193 1435 1427 1475 experiamur.

78 1480 178 1513 bile.
208 1498 251 1503 -—
281 1478 323 1510 ἑν
354 1479 492 1510 κακῶς
531 1497 565 1502 —
601 1477 715 1511 ndis·
786 1490 830 1512 au
866 1480 959 1511 forte
996 1479 1073 1520 quis
1110 1483 1172 1511 ctr.
1238 1480 1428 1521 Loquendi

80 1536 135 1562 σι,
160 1526 199 1557 iu
229 1526 490 1556 civitatibus
516 1527 623 1557 male
649 1536 717 1566 gu-

78 1572 278 1603 bernatis
318 1576 358 1602 ct
401 1572 653 1608 institutis,
691 1582 716 1603 s.

78 1618 190 1650 male
222 1617 419 1670 moratyis.
449 1627 519 1658 γει
531 1629 652 1648 οιντο
680 1613 714 1648 δ’

78 1675 126 1695 αν
160 1673 224 1704 pro
252 1658 373 1704 γένοιτ’
402 1658 429 1692 δ’
454 1660 497 1692 ὅν
527 1664 569 1695 de
601 1665 716 1695 conie-

79 1715 176 1742 ctura
201 1710 319 1741 Astii
345 1709 566 1749 scripsim1153
592 1710 718 1742 cohae

55 1761 156 1801 Arent
180 1756 269 1786 enirn
295 1755 382 1786 haec
408 1765 547 1796 quoque
577 1767 654 1787 cum
687 1755 725 1786 οἰ

79 1799 117 1833 τὰ
146 1798 251 1832 πολλὰ
277 1819 320 1824 -—
347 1803 540 1842 γίγνονται,
572 1802 718 1833 habent·

79 1858 145 1890 que
169 1857 244 1878 cum
271 1847 314 1877 iis
341 1847 535 1879 subiectum
566 1858 718 1879 commu-

77 1904 132 1927 ne.
167 1891 235 1930 Qui
266 1893 400 1933 γένοιτο
421 1904 583 1934 posuere,
607 1896 631 1925 ii
649 1905 719 1925 me-

78 1949 193 1971 mores
219 1939 361 1970 fuerunt
386 1941 581 1981 antegressi
609 1938 720 1971 ἐὰνδὲ

80 1983 122 2027 δὴ
152 1986 322 2026 γίγνηται,
359 1985 418 2016 nbi
449 1991 542 2017 recte
578 1988 720 2027 ponitur

79 2041 244 2063 numerus
269 2031 483 2072 singularis.'

125 2099 170 2131 D.
219 2098 358 2140 λέγειν
387 2098 463 2138 μὲν
501 2097 550 2140 δὴ
585 2098 722 2139 χρεὼν

81 2141 132 2177 αὖ
167 2144 223 2187 π.]
273 2147 370 2177 Haec
394 2156 535 2187 quoque
570 2147 722 2187 speciem

80 2192 283 2224 anacoluthi
297 2202 382 2232 prae
398 2202 435 2223 se
451 2192 580 2223 ferunt.
608 2192 723 2230 Quum

82 2238 173 2269 enim
198 2239 403 2270 contineant
428 2239 603 2279 apodosin
623 2249 723 2280 prae-

82 2284 238 2322 cedentis
280 2285 470 2323 enuntiati,
518 2289 634 2316 tamen
674 2286 724 2316 ita

84 2329 334 2370 subiiciuntur,
366 2341 406 2362 ac
441 2331 469 2371 si
501 2331 614 2363 libera
638 2331 725 2363 haec

83 2380 178 2407 esset
210 2376 386 2408 sententia
414 2386 529 2417 neque
560 2387 637 2408 cum
668 2388 724 2409 su-

84 2421 285 2462 perioribus
316 2431 485 2453 connexa.
549 2421 726 2460 Quocirca

84 2466 145 2506 μὲν
163 2464 205 2507 δὴ
224 2467 472 2508 interponitur,
494 2469 588 2509 qnod
609 2470 639 2500 A
652 2470 724 2501 sti-

85 2523 132 2545 us
158 2523 340 2554 perperam
365 2514 564 2554 explicavit.

132 2577 181 2611 ἆν
207 2577 285 2621 ἄρα
316 2589 375 2612 τις
402 2577 573 2613 ἀκούων
599 2583 656 2625 —J
689 2584 725 2614 si

85 2625 205 2657 forte
231 2627 346 2668 quis,
378 2628 506 2660 nobis
543 2629 725 2669 auditis,

85 2681 163 2712 per
204 2673 318 2704 talia
360 2674 504 2714 possit
543 2674 726 2707 facilius

85 2721 242 2758 sponte
265 2719 497 2751 abstinere
523 2721 726 2753 caedibus

86 2765 203 2795 omni
260 2775 309 2795 ex
363 2770 489 2807 parte
547 2768 751 2800 maxime.

787 1536 897 1566 genus
923 1525 1178 1557 illustravimus
1193 1526 1236 1557 ad
1252 1526 1428 1558 Alcibiad.

787 1573 814 1602 I.
843 1582 875 1612 p.
903 1571 981 1604 122
1012 1571 1055 1602 D.
1089 1576 1123 1603 et
1148 1571 1284 1603 Philcb.
1311 1583 1344 1613 p.
1373 1571 1427 1605 14

788 1618 826 1648 B.
865 1637 907 1640 -—
947 1615 1016 1648 τὸι
1053 1617 1309 1658 ἐμπροσθεν
1346 1628 1428 1657 ομι-

787 1663 870 1704 κρῷ
896 1659 1103 1704 ρηθὲντα,
1144 1673 1176 1704 p
1203 1663 1283 1698 870.
1311 1663 1355 1697 D,
1384 1664 1426 1694 E.

788 1710 879 1740 unde
904 1710 1014 1740 lucem
1039 1714 1136 1751 petes
1162 1711 1279 1741 verbis
1304 1707 1341 1740 ἐκ
1365 1720 1427 1740 πα-

788 1755 892 1786 λαιτῦν
919 1754 1038 1796 ιερὲων
1063 1756 1203 1796 εἴρηται.
1222 1775 1264 1779 -
1302 1752 1323 1797 ἢ
1348 1752 1369 1787 ὅ
1395 1767 1429 1787 τι

787 1800 862 1842 χρὴ
889 1813 918 1832 κ.
946 1813 972 1832 τ.
1000 1802 1026 1832 λ.
1053 1806 1127 1833 aut
1158 1802 1306 1843 siquo
1340 1803 1427 1834 alio

788 1849 964 1879 nomine
998 1858 1087 1879 cum
1119 1857 1279 1880 vocare
1306 1858 1428 1889 opor-

791 1898 862 1926 tet.

838 1939 877 1970 E.
919 1936 1052 1970 αὐτὸν
1080 1938 1209 1970 τοῦτο
1235 1935 1317 1970 ὑπὸ
1346 1938 1430 1970 τέκ-

791 1996 872 2016 νων
904 1985 964 2025 -]
1000 1985 1080 2016 hoc
1111 1985 1198 2025 ipsi
1232 1995 1252 2021 a
1282 1985 1431 2017 filiis

791 2041 867 2073 per
897 2031 979 2062 vim
1006 2031 1261 2071 patiendum
1289 2041 1336 2063 ac
1368 2042 1432 2063 su-

792 2077 1043 2110 stinendum
1069 2086 1161 2108 esse
1180 2078 1318 2109 certis
1343 2078 1431 2118 qui-

792 2124 968 2155 busdam
1008 2127 1245 2163 temporum
1290 2124 1430 2164 perio-

794 2171 871 2202 dis.
931 2168 1022 2200 Nam
1065 2169 1188 2207 τολμᾶν
1219 2171 1242 2200 i.
1278 2180 1310 2210 q.
1344 2170 1432 2207 τλᾶν,

792 2222 831 2248 ut
857 2215 955 2246 Libr.
982 2215 1030 2246 11.
1055 2225 1089 2256 p.
1115 2214 1194 2249 661.
1221 2216 1267 2247 Α.
1294 2216 1336 2246 de
1362 2225 1432 2258 quo

792 2272 856 2294 usu
896 2261 1065 2302 loquendi
1103 2271 1134 2291 v.
1170 2261 1358 2293 Boeckh.
1397 2262 1431 2292 in

792 2309 880 2340 Min.
905 2317 939 2348 p.
966 2306 1046 2340 142.
1071 2307 1368 2347 Wyttenbach.
1387 2307 1432 2339 ad

793 2353 976 2386 Phaedon.
1006 2364 1039 2394 p.
1065 2351 1143 2386 273.

840 2395 918 2430 κᾶν
951 2398 991 2430 εί
1023 2398 1223 2440 μητέρα,]
1260 2398 1433 2430 Intolera-

793 2447 862 2477 bile
887 2445 943 2476 hic
976 2449 1027 2476 est
1060 2440 1122 2475 κᾶν
1158 2443 1202 2481 εἰ,
1238 2445 1334 2486 quod
1365 2454 1435 2486 qua

794 2493 871 2533 lege
914 2495 948 2522 et
989 2490 1193 2522 conditione
1234 2494 1435 2532 usurpetur,

794 2536 1011 2570 ostendimus
1054 2537 1098 2567 ad
1137 2535 1270 2569 Phaed.
1307 2547 1340 2578 p.
1376 2536 1432 2571 71.

795 2584 835 2615 Β.
894 2584 935 2615 In
967 2582 1069 2614 codd.
1104 2592 1176 2614 non
1202 2583 1434 2624 paucisrscri-

795 2634 890 2671 ptum
921 2629 1048 2669 legitur
1083 2624 1145 2658 κᾶν
1179 2625 1256 2670 ἢμ.
1308 2629 1357 2660 At
1383 2630 1435 2660 ni-

795 2677 919 2708 mirum
945 2673 978 2705 εἰ
998 2674 1210 2706 inculcatum
1236 2674 1278 2707 ab
1303 2675 1348 2707 iis
1374 2680 1436 2709 est,

795 2722 854 2763 qui
885 2729 957 2753 nou
991 2720 1249 2763 meminissent,
1288 2721 1322 2752 in
1358 2722 1436 2753 tali-

794 2768 858 2799 bus
893 2770 974 2807 post
1005 2765 1038 2797 εἰ
1068 2777 1138 2798 non
1176 2777 1256 2799 raro
1292 2764 1369 2802 ἐάν,
1403 2772 1437 2798 et.

1093 2822 1169 2861 6.
