1781 2971
293 125 377 166 DE
412 120 690 166 LEGIBUS
724 121 841 163 LIB.
877 121 934 161 X.
972 122 1017 161 Ρ.
1051 123 1144 164 906.
1175 120 1239 164 St.
1362 122 1441 162 225

93 241 338 291 ἀθάνατός
374 246 490 284 ἐστιν
526 238 552 292 ἡ
598 237 781 290 τοιαύτη
827 255 898 280 και
943 241 1141 297 ssvhzzmg
1175 238 1443 293 stammam&

95 312 288 363 δεομένη.
327 307 545 362 ξύμμαχοι
591 308 635 348 δὲ
684 303 787 358 ἡμῖν
826 307 931 349 θεοί
960 322 1005 349 τε
1045 304 1141 361 ἅμα
1181 308 1250 347 καὶ
1288 307 1440 357 δαίμο-

95 392 174 425 ιες
212 374 334 428 ἡμεῖς
369 373 408 416 δ’
452 366 509 415 αὖ
537 371 742 427 κτήματα
778 373 902 414 θεῶν
925 389 995 415 και
1025 373 1269 428 ὁιιιμόιων·
1306 375 1442 431 φθεί·

94 459 158 495 ρει
194 444 238 483 δὲ
276 440 394 494 ἡμᾶς
429 441 576 482 ἀδικια
615 457 686 482 και
724 436 850 494 ὕβρις
884 439 993 494 μετὰ
1029 438 1314 497 ἀφροσύνης,
1358 436 1442 481 σώ-

93 511 150 560 ζει
196 510 240 551 δὲ
287 506 546 559 δικαιοσύνη
591 508 664 548 καὶ
707 506 976 562 σωφροσύνη
1023 505 1134 559 μετὰ
1171 504 1439 564 φρονήσεως,

92 580 139 618 ὲν
174 583 272 625 ταῖς
309 576 394 617 τῶν
432 574 554 616 θεῶν
591 571 806 632 ἐμψύχοις
829 574 1030 616 οἰκοῦσαι.
1054 571 1277 625 δυνάμεσι.
1298 572 1441 627 βραχὺ

94 645 137 685 δὲ
186 659 225 684 τι
273 643 345 683 καὶ
396 642 495 701 τῇδε
531 636 589 682 ἄν
626 656 690 688 τις
728 641 812 680 τῶν
852 638 1069 683 τοιούτων
1103 640 1305 681 ἐνοικοῦν
1341 637 1446 692 ἡμῖν

92 711 232 767 σαφὲς
267 708 366 751 ἰ’ὃοι.
406 709 546 766 ψυχαὶ
583 709 626 750 δέ
663 721 774 755 τινες
811 707 877 748 ἐπὶ
915 707 995 760 γῆς
1016 708 1219 750 οἰκοῦσαι
1240 707 1311 748 καὶ
1348 703 1444 748 ἅδι-

185 860 374 904 κτήματα
407 860 542 903 θειῦι]
575 861 686 903 κτῆμα
719 861 798 894 Par.
829 863 872 893 A.
900 860 974 893 Ric.
1003 860 1032 895 h.
1062 865 1095 894 et
1121 871 1169 903 pr.
1199 858 1238 892 Ω
1264 861 1354 902 quod
1381 870 1441 892 nu-

93 918 156 950 per
182 908 357 950 evulgavit
383 906 626 940 Schneiderus.

186 954 225 988 Β.
275 959 329 993 ψῑ
339 965 407 994 χαι
441 952 483 984 δέ
516 952 647 994 τινες]
677 950 712 983 δὲ
739 954 777 984 Α.
806 952 839 983 h.
865 962 892 984 r.
926 949 955 983 ὃ.
983 954 1019 984 et
1046 962 1096 993 pr.
1126 949 1164 986 Ω.
1191 962 1221 984 a.
1250 951 1363 993 Vulgo
1390 950 1443 993 δή.

93 1000 183 1032 Dein
222 1000 297 1032 libri
331 1000 373 1032 ad
408 1008 509 1031 unum
538 1009 659 1032 omnes
691 998 816 1040 λῆμμα,
851 996 945 1038 quod
973 993 1090 1029 Astius
1115 999 1149 1029 in
1176 998 1261 1039 λῆμα
1287 998 1443 1037 mutavit,

93 1046 321 1087 probantibus
351 1045 614 1078 Turicensibus.
641 1044 702 1077 sed
728 1054 760 1078 v.
789 1044 964 1085 explicatt.

92 1159 123 1190 in
153 1168 192 1189 ea
227 1157 308 1190 nihil
341 1156 542 1189 offendisse.
590 1156 737 1189 Difficile

93 1208 208 1236 tamen
235 1208 289 1235 est
314 1203 495 1235 inveterati
523 1202 602 1234 maii
620 1213 736 1236 reme-

93 1250 184 1282 dium
213 1248 352 1289 aliquod
377 1249 609 1290 investigare‚
638 1258 737 1290 prae-

93 1297 212 1328 sertim
239 1305 346 1336 quum
376 1294 478 1326 codd.
504 1304 588 1326 mss.
614 1304 737 1327 omnes

91 1342 124 1373 iu
151 1341 339 1382 depravata
373 1341 440 1372 loci
475 1340 625 1372 lectione
651 1341 737 1372 mire

92 1387 318 1419 consentiant.
367 1385 535 1418 Fortasse
559 1386 661 1418 verba
688 1387 737 1417 sic

93 1432 292 1474 refingenda
321 1437 417 1463 sunt.
461 1432 565 1471 δῆλον
592 1430 650 1462 ὅτι
674 1431 735 1469 ω’ς-

92 1491 154 1521 περ
181 1483 220 1510 αἱ
244 1476 432 1520 θηριώδεις
457 1476 547 1518 πρὸς
577 1475 640 1513 τὰς
671 1481 736 1509 τῶι

92 1523 250 1566 φιλοὶκων
280 1522 418 1566 ψυχάς,
459 1523 534 1559 τὰς
573 1535 683 1554 κυνων
714 1521 737 1562 ἢ

92 1569 155 1608 Ἰὰς
182 1573 248 1601 Τῶν
274 1580 422 1609 νομὲϋΙν,
453 1580 527 1600 urtl·
560 1580 648 1610 Προς
674 1567 737 1605 Ἰὰς

92 1618 158 1647 τῶν
181 1627 217 1647 π.
243 1613 446 1659 ακροτοὶ-ιων
471 1614 566 1646 deon.
591 1626 619 1648 κ.
645 1627 676 1646 τ.
705 1615 734 1646 λ.

92 1661 172 1695 Quo
199 1661 290 1693 facto
318 1659 401 1692 haec
421 1661 569 1701 emergit
595 1664 735 1692 senten-

95 1708 159 1739 tia:
185 1706 267 1739 lam
296 1716 397 1738 vero
425 1707 591 1738 animae
609 1717 734 1747 quae-

94 1752 191 1785 dam
229 1753 266 1785 in
308 1757 426 1784 terra
471 1751 734 1784 habitantes

92 1799 128 1840 (i.
165 1810 195 1833 e.
234 1799 408 1830 humanae
452 1797 622 1839 quaedam
664 1799 737 1834 aui-

93 1855 191 1885 mae,
218 1855 307 1885 quae
333 1849 554 1886 opponuntur
578 1847 655 1879 ταῖς
670 1847 736 1876 τῶν

96 1893 188 1922 θεῶν
225 1888 399 1932 ἐμψύχοις
430 1888 633 1931 δυνάμεσιν)
674 1890 736 1921 uti

94 1937 318 1968 brutarum
346 1936 624 1968 animantium
652 1935 738 1968 ani-

95 1992 188 2015 mae
237 1981 288 2012 ad
339 1981 578 2014 custodum
633 1991 736 2013 suo-

94 2037 198 2067 rum,
225 2037 377 2059 canum
405 2028 470 2060 vel
500 2030 736 2069 pastorum,

93 2075 152 2105 ita
201 2073 327 2105 etiam
380 2072 429 2104 ad
475 2082 733 2105 summorum

93 2119 267 2152 omnino
317 2118 583 2151 dominorum
624 2117 735 2158 (deo-

93 2167 189 2205 rnm)
244 2166 408 2198 animos
468 2164 735 2197 accidentes

94 2210 268 2244 blandis
319 2211 607 2243 sermonibus
658 2221 736 2244 eos

95 2267 381 2289 commovere
420 2261 639 2289 conantur
671 2260 735 2289 ctr.

97 2303 355 2343 Comparantur
409 2301 515 2344 igitur
574 2303 737 2335 homines

96 2348 256 2391 precibus
291 2353 325 2380 et
358 2349 559 2381 muneribus
592 2348 734 2382 deorum

94 2395 240 2436 gratiam
289 2399 502 2435 aucupantes
560 2395 739 2436 eleganter

95 2450 173 2472 cum
206 2440 329 2472 bestiis
363 2441 415 2472 vei
457 2440 646 2481 pecudibus
679 2451 738 2473 cu—

96 2485 216 2518 stodes
249 2492 330 2517 suos
372 2484 651 2519 demulcentibus
684 2492 737 2519 at—

95 2541 162 2573 que
202 2531 480 2570 delenientibus‚
520 2542 609 2572 quae
643 2543 739 2566 com-

97 2577 230 2618 paratio
256 2588 297 2610 ne
323 2579 440 2619 inepta
467 2577 647 2615 videatur,
678 2578 739 2611 ad-

95 2623 238 2656 hibetur
264 2635 303 2655 ea
331 2622 455 2656 deinde
480 2624 526 2655 ad
549 2633 619 2655 rem
639 2635 739 2666 prae-

96 2674 252 2708 sentem,
289 2669 335 2702 ita
362 2674 399 2701 ut
425 2668 512 2702 deos
537 2670 742 2708 ostendatur

95 2716 201 2748 nefas
244 2726 323 2749 esse
356 2715 549 2748 deteriores
585 2714 742 2749 humanis

151 2772 239 2805 Piat.
269 2772 357 2815 Opp.
385 2773 463 2806 Vol.
489 2770 532 2805 X.
567 2771 662 2805 Sect.
691 2773 757 2806 Ill.

806 1155 1010 1188 custodibus
1042 1161 1148 1198 atque
1178 1156 1267 1189 adeo
1303 1157 1446 1189 canibus

806 1207 943 1244 putare.
985 1201 1055 1234 Pro
1082 1203 1220 1244 λῆμμα,
1247 1203 1341 1244 quod
1369 1203 1447 1234 libri

805 1253 958 1288 tuentur,
979 1248 1010 1280 H
1025 1248 1272 1280 eindorfius
1299 1249 1340 1280 ad
1356 1249 1445 1281 Pro-

804 1299 918 1336 tegor.
946 1304 979 1335 p.
1007 1294 1086 1328 625.
1113 1294 1206 1336 λῆμα
1232 1294 1333 1327 scribi
1372 1295 1445 1327 ius-

807 1341 864 1380 sit,
881 1340 985 1381 idque
1004 1344 1212 1380 receperunt
1227 1342 1260 1372 A
1272 1341 1327 1372 sti
1342 1350 1390 1372 us
1412 1344 1448 1373 et

804 1385 1028 1418 Turicenses.
1077 1387 1216 1419 Etenim
1247 1387 1367 1428 λῆμμα
1393 1391 1447 1419 est

804 1432 937 1473 κέρδος,
965 1432 1150 1471 lucrum,
1177 1432 1239 1464 sed
1264 1431 1357 1475 λῆμα
1384 1432 1444 1465 de—

805 1478 917 1517 signat
942 1478 1067 1509 animi
1095 1477 1321 1510 audaciam
1343 1484 1447 1520 atque

807 1525 908 1555 etiam
943 1525 1220 1564 superbiam,
1256 1525 1445 1556 insolen-

805 1570 932 1609 tiam,
981 1570 1355 1610 protervitatem,
1399 1570 1444 1602 ita

805 1620 841 1645 ut
870 1616 1073 1656 plerumque
1103 1617 1133 1647 iu
1161 1617 1283 1647 maiani
1312 1621 1444 1657 partem

806 1661 958 1700 dicatur3
1007 1672 1038 1693 v.
1086 1661 1349 1703 Wesseiing.
1403 1661 1446 1694 ad

805 1707 906 1741 Diod.
940 1706 1009 1738 Sic.
1035 1707 1081 1740 ΙΙ.
1106 1707 1163 1741 58.
1196 1712 1233 1740 et
1264 1708 1444 1740 Valcke-

806 1763 894 1784 nar.
927 1752 970 1784 ad
1008 1755 1168 1786 Ammon.
1203 1764 1234 1795 p.
1266 1753 1332 1788 141
1371 1764 1449 1795 sqq·

805 1800 936 1831 Verum
966 1809 1028 1831 nos
1053 1799 1192 1840 quidem
1228 1800 1330 1832 etiam
1359 1810 1446 1832 nuuc

806 1846 1001 1877 consultum
1037 1845 1197 1876 duximus
1229 1847 1380 1878 retinere
1406 1855 1447 1877 ac

805 1901 944 1923 servare
962 1895 1113 1923 veterem
1132 1892 1332 1924 lectionem.
1359 1891 1446 1924 Nam

805 1937 953 1979 primum
974 1936 1112 1978 quidem
1140 1936 1260 1980 λῆμμα
1284 1942 1446 1980 κεκιημέ·

805 1995 861 2012 ναι
887 1992 949 2023 per
976 1993 1013 2014 se
1037 1992 1104 2014 non
1127 1988 1180 2015 est
1205 1983 1373 2024 ineptum.
1401 1983 1446 2015 si-

804 2026 939 2069 quidem
977 2029 1198 2068 cogitandum
1232 2032 1286 2060 est
1317 2029 1361 2062 de
1386 2028 1447 2061 ho-

804 2074 968 2114 minibus„
1002 2075 1058 2115 qui
1091 2078 1192 2115 turpe
1222 2075 1357 2107 lucrum
1394 2075 1447 2107 fe-

804 2126 943 2160 cerunt3
967 2120 1058 2161 quod
1091 2120 1251 2162 profecto
1276 2121 1343 2153 loci
1370 2131 1448 2153 sen·

804 2166 933 2199 tentiae
959 2167 1099 2209 egregie
1113 2167 1285 2198 convenit.
1310 2166 1450 2199 Deinde

804 2211 898 2244 istud
932 2211 1025 2254 λῆμα
1058 2213 1132 2244 unis
1165 2217 1297 2244 tantum
1332 2213 1449 2255 poetis

805 2262 863 2290 aut
898 2258 1070 2291 citerioris
1107 2259 1232 2291 aetatis
1270 2259 1448 2300 scriptori-

804 2305 869 2336 bus
903 2305 1078 2346 proprium
1110 2308 1166 2338 est
1196 2305 1369 2346 planeque
1404 2305 1447 2335 ab

807 2350 945 2382 Atticae
978 2351 1104 2383 veteris
1142 2350 1282 2382 dialecti
1316 2360 1379 2382 usu
1414 2355 1450 2382 et

806 2396 1057 2428 cousuetudine
1094 2397 1253 2428 alienum.
1303 2396 1354 2428 Ex
1379 2405 1447 2437 quo

807 2443 1051 2483 consequitur,
1089 2447 1125 2473 ut
1168 2452 1210 2474 ne
1248 2453 1264 2473 a
1301 2442 1448 2475 Platone

807 2487 945 2529 quidem
974 2498 1120 2529 usquam
1145 2492 1350 2530 usurpatum
1370 2498 1449 2520 esse

807 2535 920 2576 putari
951 2537 1122 2574 oporteat.
1156 2533 1239 2566 Mox
1265 2533 1368 2574 δῆλον
1393 2531 1451 2565 ὅτι

809 2580 862 2610 νε]
887 2578 1070 2618 δηλονότι,
1104 2579 1197 2620 quod
1231 2580 1281 2612 sic
1316 2583 1372 2612 est
1396 2579 1449 2611 in-

808 2626 1027 2666 terpositum,
1055 2624 1098 2657 de
1125 2636 1167 2657 eo
1195 2636 1224 2660 v.
1249 2624 1291 2657 ad
1319 2625 1450 2658 Criton.

810 2683 844 2711 p.
869 2670 926 2705 53.
959 2672 996 2703 A.
1025 2675 1059 2703 et
1094 2671 1217 2714 Symp.
1241 2682 1274 2713 p.
1303 2671 1381 2706 195.
1411 2674 1449 2702 Α.

810 2717 899 2750 Tum
930 2721 1010 2760 post
1035 2715 1144 2757 ὥςπερ
1176 2717 1271 2758 quod
1303 2727 1369 2750 non
1401 2718 1450 2748 in-

1130 2774 1179 2815 15
