1781 2971
250 177 304 217 22
723 166 1099 212 PLATONIS

251 307 336 334 των
373 287 588 343 καθάπερ
627 286 901 341 ἔμπροσθεν’
922 285 1100 339 εἴπομεν
1149 286 1326 333 ἐκτίσεις
1372 281 1609 336 γίγνεσθαι

252 362 354 408 δεῖν,
391 354 473 407 τὴν
509 356 631 405 δίκην
670 351 840 405 ταύτην
876 354 1123 406 γιγνέσθω·
1160 350 1364 395 δικασταὶ
1406 351 1452 392 δὲ
1478 353 1610 393 ἔστω-

255 440 340 468 σαν
389 420 603 465 θανοὶτου
649 423 745 475 πέρι
789 417 1097 477 νομοφύλακές
1133 434 1177 461 τε
1215 420 1286 460 καὶ
1322 414 1372 459 τὸ
1415 417 1502 460 τῶν
1537 431 1610 459 πε-

256 491 443 548 ρυσινῶν
486 484 716 543 ἀρχόντων
759 484 1019 543 ἀριστίνδην
1055 484 1367 542 ἀπομερισθὲν
1407 480 1612 534 δικαστή-

257 627 448 672 ἀρξάμενος
482 627 527 669 ἐξ
559 627 686 670 ἕδρας
727 629 791 660 καὶ
827 639 895 660 πα-

260 674 516 718 ραστὰσεως.
567 671 619 706 Ου
654 673 766 714 μέντοι
806 669 896 706 ἀθά-

261 734 365 755 νατον
399 719 459 764 τὴν
492 720 677 761 ταχθεῖσαν
712 718 826 762 ἕδραν
841 731 898 752 κα-

262 767 461 810 τεστήσατο,
497 763 579 798 ἀλλὰ
614 764 758 805 ιόμιμον
783 763 902 808 ἐποιή-

264 825 320 855 το,
356 814 410 846 καὶ
444 809 595 855 ἇ)αθοῖς
619 813 735 854 έργοιε
767 811 901 853 προβῆ-

265 872 318 892 ναι
344 859 392 892 εἰς
409 857 469 900 τὴν
493 857 707 912 τιμιωτέραν
715 856 828 900 ἕδραι,
850 858 904 889 καὶ

265 907 301 938 εἴ
327 915 375 938 τις
412 902 653 958 ρᾳδιοιργοιᾝη
687 896 907 945 ἆιαχωρῆσαι

267 951 315 984 εἰς
346 949 406 993 τὴν
436 946 647 1004 ἀιιιιοτέραι.
698 949 755 982 Ad
787 950 907 992 proxi·

266 1008 358 1029 mum
386 994 612 1038 παραστάσεις
638 997 789 1036 pertinet
814 997 907 1036 glos

267 1054 306 1076 sa
345 1043 511 1074 Timaei
556 1039 908 1083 ρ.206.11αρα’-

270 1094 440 1121 σιασιε·
475 1086 591 1119 στάσις
624 1085 715 1129 παρά
741 1097 814 1119 τινα
839 1085 908 1119 ἅτι-

268 1144 348 1176 μοςτ
383 1135 508 1176 γίνεται
542 1132 578 1165 δὲ
610 1132 663 1165 ἐπὶ
704 1133 770 1164 τῶν
804 1145 909 1175 χρεω-

271 1180 444 1221 φειλετῶν.
482 1180 540 1211 ubi
566 1179 741 1212 Ruhnk
760 1190 813 1212 en
831 1181 841 1211 i
858 1190 910 1212 us

269 1229 372 1259 docet
406 1227 498 1258 hune
529 1226 645 1257 locum
685 1226 910 1258 obversatum

269 1283 347 1306 esse
371 1273 504 1304 Dioni
531 1271 687 1304 Cassio
714 1271 811 1303 Libr.
835 1272 910 1304 LV.

271 1331 303 1361 p.
324 1319 403 1354 790.
429 1316 524 1358 ἕδραι
551 1316 587 1349 δὲ
611 1315 723 1356 ἄτιμοι
750 1317 802 1349 καὶ
834 1314 910 1349 στά-

273 1374 344 1398 σεις
379 1362 605 1396 ἑποιέίδιστοι
644 1361 681 1395 τό
715 1373 748 1394 τε
784 1365 910 1405 προλυ-

273 1411 430 1453 πηθῆναι
465 1410 518 1441 καὶ
552 1407 588 1441 τὸ
631 1409 912 1452 προφοβηθῆιάι

273 1454 424 1498 συχνοὺς
447 1456 605 1497 βελτίους
633 1454 805 1497 ἐποίησεν.
856 1456 910 1488 De

271 1505 338 1535 hoe
373 1513 565 1544 poenarum
600 1512 727 1543 genere
769 1503 912 1534 omnino

273 1549 510 1582 consulendus
543 1552 595 1579 est
621 1547 912 1580 Casaubonus

273 1596 318 1628 ad
363 1594 461 1627 Suet.
507 1595 660 1635 August.
707 1604 734 1625 e.
777 1593 833 1628 24.
869 1595 912 1626 ab

274 1641 532 1674 Ruhnkenio
568 1644 802 1677 memoratus,
853 1641 912 1681 qui

274 1689 377 1719 etiarn
415 1686 639 1718 Charondam
681 1686 793 1718 simile
829 1685 914 1727 quid

273 1733 435 1766 sanxisse
474 1742 516 1763 ex
559 1731 791 1763 Diodoro
827 1731 915 1764 Sic.

276 1778 355 1811 xil.
381 1777 435 1811 16.
462 1778 627 1809 ostendit.
667 1777 722 1808 De
750 1788 812 1808 usu
838 1788 914 1810 voe.

277 1822 440 1864 ἄμορφος
481 1824 634 1855 diximus
677 1824 712 1854 in
750 1823 917 1865 Prolegg.

279 1870 320 1902 Ρ.
354 1870 394 1902 Η.
434 1869 621 1901 Praeterea
644 1879 713 1900 non
744 1870 917 1901 inutiliter

279 1917 537 1957 comparaveris
578 1915 621 1946 W
639 1925 658 1946 a
675 1927 691 1946 c
707 1915 726 1945 h
743 1925 757 1946 s
774 1927 804 1946 m
821 1926 840 1946 u
855 1923 866 1947 t
882 1916 914 1946 li.

281 1962 415 1993 Hellen.
438 1961 691 1993 Allerthumsk.
714 1961 792 1994 Vol.
814 1961 854 1994 ΙΙ.
878 1962 914 1992 Ρ.

281 2007 308 2040 1.
336 2018 366 2048 p.
395 2007 472 2040 184.
501 2008 583 2038 edit.
611 2007 643 2040 1.
672 2006 833 2039 Ceterum
861 2008 917 2039 vix

278 2054 387 2094 diuna
417 2055 595 2085 munione
630 2060 680 2084 est
716 2054 918 2085 coniectura

280 2100 412 2138 Astii,
441 2099 663 2130 scribendum
690 2101 863 2139 putantis.
900 2095 918 2140 ἢ

280 2143 412 2175 στάσεις
449 2154 497 2175 εις
528 2141 600 2184 [ιρὰ
637 2156 654 2184 η
690 2143 918 2184 παραστάσεις

279 2191 333 2222 ἐπὶ
359 2188 395 2221 τὰ
423 2190 480 2231 τῆς
504 2189 616 2230 χώρας
643 2189 772 2230 bozata.

325 2234 506 2267 inzc'oets
547 2248 564 2256 ”
576 2236 776 2277 ι’,ιεσθαι
819 2235 917 2272 δεῖν,

282 2280 358 2322 τῆν
406 2281 525 2322 δινην
575 2280 728 2322 frustm·
782 2282 915 2323 γιγνέ-

281 2328 387 2359 afim·
435 2326 629 2359 δικασταὶ
668 2327 709 2357 δὲ
737 2329 799 2370 -]
837 2329 917 2360 Sei·-

283 2375 439 2406 vaviinus
488 2374 658 2406 librorum
695 2375 917 2415 scripturam,

281 2421 441 2461 quamvis
476 2421 626 2452 maxima
652 2421 806 2452 virorum
837 2421 918 2452 doc-

281 2472 393 2497 torum
419 2466 462 2498 de
495 2467 568 2498 eius
604 2468 749 2498 veritate
783 2467 919 2498 dissen-

280 2513 333 2544 sio
361 2512 527 2543 obtineat.
553 2511 800 2554 Stephanus
827 2514 917 2544 enim

281 2558 386 2590 scribi
413 2558 527 2590 iubet.
548 2558 765 2600 γι)ι·έσθ’ωι·
795 2555 917 2612 ἢχριῑ-

280 2601 393 2643 μαίων
435 2602 576 2636 ἐκτισεις
621 2603 818 2646 γιγνέσθωι
861 2604 921 2645 τὴν

283 2648 382 2691 δίκην
415 2647 539 2692 tatinga)
569 2651 605 2692 (i.
640 2661 669 2682 e.
703 2651 827 2682 τοῦτον
861 2648 920 2682 τὸν

284 2693 437 2738 τρόπον),
462 2695 620 2736 καθάπερ
646 2697 785 2735 εἴπομεν
811 2697 920 2738 γίγνε-

282 2741 367 2774 σθαι
393 2740 479 2773 δεῖνι
507 2748 608 2785 atque
635 2744 855 2776 avcnsativos
881 2743 920 2773 il-

963 630 1035 660 los:
1062 624 1219 658 θάνατον
1241 644 1274 650 «--
1303 623 1452 664 δεσμούς
1488 637 1516 656 κ.
1534 636 1558 656 t.
1585 625 1612 656 λ..

965 670 1050 706 εἶναι
1075 672 1227 715 pendere
1253 677 1380 704 censet.
1435 671 1534 709 Quae
1557 681 1612 703 ra-

967 722 1018 752 tio
1046 716 1195 758 neminiss
1231 719 1370 759 opinor,
1403 718 1507 750 facile
1532 726 1613 758 pro-

969 766 1128 817 babitur3
1161 774 1266 805 quum
1300 770 1334 796 et
1368 765 1414 796 sit
1445 763 1616 796 audacior

971 819 1005 844 et
1036 810 1237 844 orationem
1263 810 1394 842 efficiat
1427 809 1615 841 admodum

971 858 1172 900 perplexam
1198 866 1238 887 ae
1263 861 1470 888 tortuosam.
1498 855 1615 887 Asti-

975 915 1023 936 us
1055 913 1162 945 porro
1196 902 1346 943 requirit
1372 900 1426 933 δεῖ
1446 911 1510 942 pro
1546 897 1618 932 δεῖν

976 955 1010 982 et
1036 946 1139 989 ταύτῃ
1160 958 1224 989 pro
1251 945 1385 989 ταύτην.
1412 945 1490 984 Quo
1511 946 1617 978 modo

977 995 1042 1028 loci
1085 994 1269 1034 integritas
1314 995 1434 1026 adiuta
1477 993 1618 1034 quidem

977 1042 1137 1073 nonnihil
1165 1040 1322 1080 videtur,
1358 1050 1421 1071 nec
1455 1048 1537 1069 vero
1563 1047 1619 1068 re-

977 1089 1111 1120 stituta.
1172 1084 1276 1123 Quod
1315 1087 1468 1118 sentiens
1503 1083 1618 1115 win-

979 1134 1264 1165 ckelmannus
1282 1132 1404 1164 scribit
1420 1131 1542 1163 iussit:
1564 1127 1619 1160 ἐκ·

980 1181 1081 1211 τίσεις
1114 1176 1295 1220 γίγνεσθαι
1323 1177 1392 1210 δεῖν
1418 1175 1478 1219 τὴν
1511 1174 1619 1216 δίκην,

979 1223 1081 1266 ταύτῃ
1118 1222 1304 1267 γιγνέσθω.
1361 1222 1464 1256 Unde
1501 1227 1618 1254 tamen

979 1272 1064 1313 quid
1108 1272 1301 1309 lucremur,
1347 1269 1617 1311 haudquaquam

978 1318 1199 1358 intelligitur.
1248 1315 1380 1348 Naevis
1424 1315 1514 1346 enim
1551 1314 1620 1346 ista

980 1364 1094 1396 oratio
1142 1362 1298 1401 laborat,
1341 1361 1370 1393 si
1417 1360 1620 1393 consideres

979 1410 1187 1442 sententiam
1206 1409 1403 1440 accuratius
1423 1407 1517 1438 haud
1536 1415 1621 1438 sane

981 1456 1121 1498 pulcris.
1156 1454 1230 1485 Iam
1259 1464 1342 1485 vero
1364 1452 1621 1485 Schrammi-

982 1512 1030 1534 ns
1056 1500 1214 1540 Quaestt.
1249 1501 1292 1531 de
1326 1500 1414 1531 locis
1443 1498 1621 1530 nonnullis

981 1548 1116 1589 Legum
1142 1546 1232 1579 Plat.
1258 1545 1407 1587 Specim.
1434 1545 1496 1578 IV.
1523 1544 1622 1587 1).10.

983 1592 1043 1635 τὴν
1075 1592 1173 1634 δίκην
1198 1590 1324 1633 ταύτην
1357 1590 1544 1622 τινέσθω
1568 1600 1621 1622 re-

981 1639 1182 1680 fingendum
1221 1639 1412 1670 arbitratur
1444 1637 1539 1678 qnod
1569 1637 1621 1668 iu-

982 1689 1209 1726 terpretatur:
1256 1684 1332 1716 hac
1377 1693 1516 1724 poena
1559 1686 1623 1714 est

983 1730 1269 1764 afficiendus.
1329 1728 1400 1761 Sed
1439 1739 1514 1761 eam
1552 1729 1622 1759 vim

965 1783 1017 1824 ¹et
1050 1780 1256 1819 potestatem
1291 1775 1444 1807 formula
1479 1772 1539 1816 τὴν
1572 1772 1620 1805 δί-

985 1835 1048 1864 κην
1074 1825 1176 1854 τιίἐιν
1192 1822 1462 1863 haudquaquam
1488 1821 1623 1853 habuit.

986 1870 1149 1911 Denique
1181 1868 1449 1900 Hermannus
1485 1877 1547 1909 pro
1575 1867 1624 1907 γί-

985 1914 1123 1957 γνέοθω
1155 1915 1319 1956 scriptum
1347 1913 1458 1945 edidit
1489 1911 1548 1954 τὴν
1576 1911 1623 1944 δι-

987 1972 1049 2002 κηι»
1097 1958 1221 2002 ταύτην
1276 1960 1472 2001 γίγνεσθαι,
1530 1958 1624 2001 quod

986 2018 1056 2049 quo
1105 2018 1210 2039 sensu
1268 2007 1508 2046 accipiendum
1567 2005 1625 2043 sit,

987 2064 1056 2085 non
1101 2052 1341 2093 intelligimus.
1415 2051 1468 2082 En
1518 2050 1626 2092 igitur

986 2099 1093 2131 babes
1118 2100 1186 2130 iam
1215 2098 1328 2129 varias
1355 2098 1534 2128 hominum
1565 2097 1625 2127 do-

986 2146 1219 2177 ctissimorum
1251 2144 1292 2174 de
1321 2137 1374 2174 'liis
1408 2143 1522 2174 verbis
1547 2153 1625 2174 seu-

985 2191 1125 2222 tentias.
1181 2189 1316 2227 Quibus
1357 2188 1528 2230 expositis
1572 2198 1625 2220 re-

986 2242 1072 2276 stat,
1127 2242 1162 2267 ut
1198 2235 1281 2276 quid
1317 2235 1382 2275 ipsi
1418 2235 1625 2273 sentiamus,

985 2284 1138 2314 breviter
1174 2282 1400 2313 dei-larmirus.
1462 2280 1627 2312 Faremur

989 2339 1070 2360 vero
1104 2328 1204 2359 nobis
1244 2328 1383 2368 quidem
1419 2327 1532 2358 locum
1576 2327 1625 2357 vi-

987 2375 1065 2407 deri
1121 2374 1268 2405 sinceris
1273 2374 1408 2405 simum.
1489 2371 1628 2414 Quippe

987 2420 1178 2453 accusativi
1216 2417 1370 2451 θάνατον
1405 2416 1441 2449 δὲ
1474 2429 1500 2448 κ.
1539 2429 1562 2449 τ.
1599 2418 1626 2449 λ.

989 2477 1050 2508 per
1085 2466 1330 2498 attractionem
1363 2465 1539 2506 quandam
1571 2473 1625 2496 ac-

989 2513 1199 2545 commodati
1217 2516 1298 2544 sunt
1315 2511 1446 2542 verbis:
1468 2507 1627 2549 καθάπερ

988 2559 1127 2597 ει’πομει
1143 2560 1189 2600 yu'·
1192 2557 1323 2589 Ψεσθαι
1347 2555 1424 2594 δεῖν,
1445 2567 1548 2598 quum
1565 2566 1624 2588 no-

989 2605 1148 2637 minativi
1166 2614 1242 2636 esse
1262 2604 1477 2642 debuissent,
1499 2610 1626 2634 conne-

988 2651 1104 2683 ctendi
1130 2651 1180 2682 illi
1207 2661 1284 2683 eum
1311 2647 1502 2692 γιγνέσθω,
1532 2647 1627 2690 quod

989 2697 1141 2738 positum
1184 2701 1235 2728 est
1272 2705 1336 2738 pro
1375 2692 1628 2737 γιγνέσθωσαν,

989 2754 1132 2776 numero
1181 2741 1351 2784 singulari
1397 2750 1458 2782 pro
1504 2740 1629 2782 plurali
