1781 2971
389 1021 1082 1098 ARGUMENTUM.

447 1161 626 1197 LIBRI
651 1158 1025 1196 Dconnclnss.

55 1309 117 1386 Si
156 1342 252 1398 quis
293 1342 470 1399 publico
509 1342 642 1398 legati
682 1342 753 1384 vel
791 1341 1019 1398 praeconis
1058 1353 1235 1382 munere
1275 1353 1408 1395 prave

53 1400 264 1456 fungitur,
293 1400 466 1454 publice
496 1404 728 1440 accusator
747 1405 788 1441 et
817 1414 957 1454 poena
977 1398 1222 1440 mulctator.
1282 1395 1410 1437 Furti

55 1464 99 1499 et
137 1457 313 1513 rapinae
357 1456 572 1512 supplicia
609 1455 760 1512 gravia
798 1462 928 1497 sunto
969 1469 1104 1508 eaque
1155 1452 1294 1494 eidem
1333 1452 1409 1493 ob-

55 1514 186 1555 noxia
214 1512 398 1564 iudici03
442 1527 584 1566 neque
615 1513 729 1553 enim
766 1513 851 1555 ista
882 1513 1062 1554 crimina
1093 1510 1145 1552 ab
1178 1510 1231 1550 iis
1263 1523 1409 1549 narra-

55 1570 248 1612 tionibus
280 1569 442 1612 habent
471 1569 601 1610 ullam
633 1569 934 1610 defensionem
968 1569 1035 1610 vel
1067 1566 1408 1618 excusationem,

55 1641 166 1681 quae
207 1626 338 1682 vulgo
378 1632 539 1668 temere
579 1625 633 1667 de
676 1625 796 1668 Iovis
825 1626 926 1668 filiis
954 1624 1317 1667 circumferuntur
1348 1622 1410 1676 (p.

54 1686 150 1726 941.
182 1708 238 1714 —-
269 1684 365 1725 942.
396 1683 501 1734 A.).
534 1707 588 1712 —-—
647 1682 918 1738 Disciplinae
956 1682 1153 1724 militaris
1183 1679 1411 1720 maximam

55 1746 228 1796 oportet
275 1753 371 1781 esse
412 1739 701 1781 constantiam
741 1745 784 1781 et
820 1740 1111 1781 severitatem.
1192 1735 1413 1790 Quocirca

52 1803 141 1838 tam
181 1796 285 1839 belli
325 1811 455 1850 quam
494 1796 615 1852 pacis
653 1803 847 1852 tempore
888 1811 1035 1838 omnes
1076 1792 1411 1836 exercitationes

55 1860 99 1896 et
129 1853 468 1895 consuetudines
504 1854 567 1894 ita
605 1860 881 1908 comparatae
913 1868 1009 1895 esse
1041 1852 1225 1900 debent,
1257 1855 1308 1890 ut
1337 1848 1411 1889 illa

55 1924 183 1965 quam
213 1910 395 1950 maxime
424 1909 477 1951 iis
509 1909 743 1950 adiuvetur
761 1915 892 1963 atque
917 1909 1222 1958 confirmetur3
1251 1906 1303 1946 iis
1337 1920 1411 1946 au-

53 1978 164 2018 tem,
209 1966 284 2020 qui
322 1966 519 2007 militiam
567 1966 893 2022 subterfugiunt
931 1972 1006 2007 aut
1046 1979 1163 2006 arma
1203 1962 1413 2004 abiiciunt

55 2030 130 2064 aut
168 2023 213 2064 in
254 2022 345 2064 acie
384 2022 528 2064 locum
572 2036 698 2063 suum
738 2022 971 2075 deserunt,
1023 2021 1197 2063 debitae
1244 2032 1411 2074 poenae

53 2085 154 2122 sunt
182 2078 456 2135 irrogandae.
508 2078 784 2133 Quamquam
808 2078 1050 2121 cavendum
1072 2084 1137 2120 est
1156 2075 1324 2128 sedulo,
1356 2089 1411 2115 ne

52 2137 100 2178 in
138 2135 364 2177 inferendo
407 2136 608 2191 ignaviae
653 2150 704 2177 ac
744 2136 885 2191 turpis
935 2134 1182 2177 timiditatis
1233 2131 1410 2174 crimine

52 2192 293 2235 calumniae
322 2193 445 2235 locus
486 2191 751 2235 concedatur
783 2193 852 2249 (p.
884 2193 982 2235 942.
1015 2193 1071 2233 A.
1103 2215 1158 2222 —-
1189 2190 1285 2230 945.
1318 2190 1412 2236 A.).

52 2274 107 2281 —
135 2250 477 2305 Magistratuum
509 2264 685 2303 eorum,
726 2250 800 2304 qui
841 2264 866 2291 a
896 2249 1054 2292 ceteris
1084 2245 1412 2303 magistratibus

55 2306 254 2347 omnibus
285 2306 496 2347 rationem
528 2321 690 2360 eorum,
724 2321 834 2360 quae
863 2306 1104 2362 gesserint,
1137 2304 1334 2358 exigant,
1368 2308 1412 2342 et

54 2361 242 2404 εὔθυνοι
274 2370 501 2416 vocantur⁷
543 2378 751 2404 summam
783 2364 990 2405 convenit
1020 2376 1116 2403 esse
1157 2358 1411 2414 sapientiam

54 2426 99 2461 et
138 2418 356 2460 virtutem.
424 2419 593 2461 Pendet
629 2421 744 2460 enim
793 2435 845 2461 ex
893 2435 1042 2461 eorum
1083 2432 1187 2459 cura
1227 2414 1413 2456 maxima

55 2488 155 2531 pars
187 2474 340 2517 salutis
373 2476 587 2531 publicae.
648 2475 868 2530 Quocirca
906 2477 1023 2517 cives
1054 2475 1098 2515 in
1128 2474 1180 2515 iis
1212 2470 1412 2514 creandis

54 2547 220 2575 summa
250 2546 347 2573 cum
377 2531 587 2588 religione
617 2533 782 2575 versari
814 2533 987 2574 debent.
1047 2529 1251 2587 Eligendi
1281 2528 1415 2583 igitur

55 2589 237 2632 solemni
277 2589 364 2630 ritu
404 2595 491 2630 tres
533 2589 665 2630 totius
704 2590 894 2631 civitatis
934 2589 1013 2630 viri
1052 2585 1412 2644 praestantissimi

55 2653 178 2699 sunt,
226 2646 301 2700 qui
341 2644 497 2688 deinde
547 2645 777 2688 duodecim
826 2647 1042 2687 rationum
1095 2642 1413 2686 reddendarum

58 2703 354 2759 exploratores
387 2703 596 2757 deligant,
630 2702 893 2757 (ὲυθύνους)
925 2717 1099 2744 munere
1123 2701 1204 2744 sibi
1236 2700 1412 2741 deman-
