1781 2971
328 143 411 184 330
681 141 891 184 PLATO
928 141 1008 183 DE
1050 141 1323 186 LEGIBUS

329 255 433 311 ἡμῖν
469 255 607 306 πόλει,
642 256 716 299 εἴτ’
763 251 844 301 οὖν
881 263 1008 314 τέχνη
1044 259 1126 302 εἴτε
1160 255 1344 313 ἄτεχνός
1379 262 1469 300 ἐστι’
1504 273 1569 308 τις
1603 264 1677 312 ἐμ-

327 326 473 378 πειρία
509 324 581 364 καὶ
618 324 760 379 τριβή,
791 324 984 378 μάλιστα
1019 328 1099 379 μὲν
1126 326 1177 376 δὴ
1211 323 1348 380 χρεών
1385 330 1474 367 ἐστι
1501 323 1562 377 μὴ
1591 327 1676 382 φῦ-

327 406 412 437 ναι,
460 391 668 443 δεομένου
707 393 752 433 δὲ
793 392 868 433 τοῦ
914 395 1176 445 νομοθέτου
1223 393 1474 433 πείθεσθαι
1507 392 1578 432 καὶ
1615 389 1676 446 μὴ

326 459 508 511 ἐναντίᾳ
545 458 638 515 δίκῃ
673 459 985 514 φθέγγεσθαι,
1036 458 1146 511 πρὸς
1189 455 1330 509 ἄλλην
1366 460 1411 500 δὲ
1446 456 1677 499 ἀπαλλατ-

328 525 492 564 τεσθαι
534 522 696 578 χώραν,
744 526 1030 578 πειθομένοις
1063 526 1143 579 μὲν
1177 524 1298 578 σιγή,
1349 524 1593 566 ἀπειθοῦσι
1632 526 1677 566 δὲ

327 589 454 645 φωνὴ
492 588 630 643 νόμου
668 589 765 638 ἣδε·
801 587 885 632 ”Αν
921 607 986 640 τις
1021 592 1126 650 δοκῇ
1170 592 1421 643 πειρᾶσθαι
1465 594 1547 641 τὴν
1592 592 1679 631 τῶν

329 658 507 698 δικαίων
552 656 742 711 δύναμιν
788 661 832 698 ἐν
870 666 966 707 ταῖς
1002 659 1088 700 τῶν
1134 658 1353 699 δικαστῶν
1398 665 1564 715 ψυχαῖς
1610 661 1678 699 ἐπὶ

328 721 547 764 τάναντία
592 730 763 778 τρέπειν
810 726 882 766 καὶ
929 722 1051 780 παρὰ
1101 723 1258 779 καιρὸν
1307 726 1556 766 πολυδικεῖν
1593 724 1681 765 τῶν

328 789 543 832 τοιούτων
584 787 608 841 ἢ
645 792 718 833 καὶ
754 790 980 842 ξυνδικεῖν,
1015 792 1257 846 γραφέσθω
1294 792 1375 843 μὲν
1410 788 1434 832 ὁ
1464 790 1680 844 βουλόμε-

328 872 406 905 νος
443 855 584 898 αὐτὸν
631 859 884 906 κακοδικίας
920 856 946 908 ἢ
982 863 1052 899 και
1088 859 1308 908 ξυνδικίας
1344 857 1500 908 κακῆς,
1543 861 1680 911 κρινέ-

329 926 429 964 σθω
469 924 513 965 δὲ
553 928 597 964 ὲν
633 925 693 977 τῷ
740 925 828 965 τῶν
874 925 1082 966 ἐκλεκτῶν
1127 926 1413 977 δικαστηρίῳ,
1457 920 1681 980 ὄφλοντος

328 991 372 1031 δὲ
421 988 586 1042 τιμάτω
625 988 673 1032 τὸ
724 989 1011 1046 δικαστήριον
1060 990 1142 1032 εἴτε
1189 992 1520 1047 (φιλοχρηματίᾳ
1563 991 1682 1032 δοκεῖ

328 1057 440 1110 δρᾶν
477 1055 523 1098 τὸ
565 1055 770 1099 τοιούτον
807 1056 888 1099 ε’ίτε
925 1060 1183 1114 φιλονεικίᾳ,
1221 1059 1292 1098 καὶ
1329 1056 1408 1097 ἐὰν
1443 1058 1521 1109 μὲν
1554 1058 1680 1113 φιλο-

327 1125 478 1177 νεικίᾳ,
516 1125 648 1177 τιμᾶν
685 1122 806 1177 αὐτῷ
836 1123 882 1165 τὸ
922 1126 1217 1176 δικαστηρίοιν,
1256 1121 1364 1165 ὅσου
1394 1121 1482 1177 χρὴ·
1511 1121 1680 1176 χρόνου

329 1187 409 1231 τὸν
457 1191 662 1232 τοιοῦτον
706 1191 858 1244 μηδενὶ
904 1193 1052 1244 λαχεῖν
1100 1192 1223 1241 δίκην
1259 1191 1366 1243 μηδὲ
1412 1189 1679 1242 ξυνδικῆσαι,

329 1254 407 1297 ἐὰν
445 1258 488 1298 δὲ
526 1259 869 1313 φιλοχρηματία,
907 1258 984 1299 τὸν
1020 1259 1099 1310 μὲν
1136 1256 1259 1306 ξένον
1295 1255 1504 1298 ἀπιόντα
1528 1260 1573 1298 ἐκ
1605 1257 1681 1307 τῆς

325 1322 472 1378 χώρας
509 1322 679 1376 μήποτε
716 1322 852 1365 πάλιν
887 1319 1058 1374 ἐλθεῖν,
1098 1320 1121 1375 ἢ
1161 1321 1356 1377 θανάτῳ
1394 1324 1681 1377 ζημιοῦσθαι,

330 1389 410 1432 τὸν
457 1388 602 1432 ἀστὸν
638 1392 683 1433 δὲ
730 1391 952 1432 τεθνάναι
1001 1389 1390 1448 φιλοχρημοσύνης
1435 1394 1558 1432 ἕνεκα
1604 1391 1683 1440 τῆς

329 1461 373 1498 ἐκ
423 1456 590 1505 παντὸς
638 1455 805 1510 τρόπου
855 1456 960 1512 παρ’
1011 1456 1134 1511 αὐτῷ
1183 1461 1444 1511 τιμωμένης·
1496 1459 1567 1498 καὶ
1604 1455 1683 1498 ὲοὲν

330 1539 393 1572 τις
428 1526 674 1580 φιλονεικίᾳ
711 1524 849 1583 κριθῇ
879 1528 942 1574 δὶς
969 1524 1018 1566 τὸ
1059 1525 1264 1567 τοιοῦτον
1304 1524 1430 1579 δρᾶν,
1458 1522 1680 1566 τεθνάτω.

377 1676 414 1707 Ρ.
444 1676 522 1710 938.
573 1675 972 1719 ἄτεχνος-τριβή]
1090 1676 1132 1709 Β.

1160 1675 1411 1709 πολυδικεῖν
1438 1680 1518 1708 τῶν
1543 1676 1680 1709 τοιού-

328 1732 434 1753 usus
462 1723 583 1756 nulla
606 1729 703 1755 arte
736 1724 974 1761 collect1183

329 1779 360 1799 v.
387 1768 431 1800 ad
458 1767 567 1810 Gorg.
596 1780 629 1810 p.
658 1769 726 1803 463
753 1770 805 1801 .B.
842 1765 972 1808 Ἐμπει-

329 1815 385 1854 ριά
412 1815 466 1845 καὶ
498 1813 600 1856 τριβή
633 1816 682 1846 ita
717 1817 871 1847 iunctum
897 1817 973 1847 illu-

327 1865 415 1891 strat
439 1860 734 1893 Ruhnkeuius
761 1862 804 1893 ad
821 1862 912 1892 Tim.
940 1872 972 1902 p.

326 1907 383 1939 95).
410 1913 443 1937 et
473 1907 747 1939 Valckenar.
780 1908 824 1939 ad
858 1908 975 1939 Phoe-

328 1953 414 1983 niss.
443 1963 472 1984 ν.
499 1952 578 1986 552.
609 1953 663 1984 De
689 1951 831 1992 μάλιστα
855 1953 915 1992 μὲν
937 1972 963 1976 —

328 1995 365 2028 δὲ
392 2008 421 2030 ν.
447 1998 543 2029 Libr.
571 1998 633 2029 VI.
662 2009 693 2040 p.
714 1998 791 2033 758.
811 1998 849 2030 C.
874 1999 972 2031 V111.

330 2054 363 2084 p.
395 2043 473 2076 830.
514 2044 558 2075 Ι).
595 2045 715 2085 ibique
750 2055 830 2076 ann.
879 2049 973 2077 Ante

331 2089 557 2127 πειθομένοις
589 2091 682 2131 quod
711 2092 870 2122 Astius
897 2102 971 2122 cum

331 2133 564 2175 Stephano
596 2136 649 2165 καί
677 2137 871 2174 desiderat,
898 2138 971 2169 fieri

331 2186 465 2221 potest,
515 2187 551 2212 ut
586 2187 665 2221 post
708 2181 767 2220 μὲν
804 2183 973 2214 exciderit

331 2221 406 2258 οὖν.
456 2225 673 2268 Quamquam
707 2228 797 2259 haud
829 2229 902 2259 scio
928 2239 970 2260 an

332 2273 413 2304 ferri
443 2274 554 2314 possit
580 2274 776 2314 asyndeton

1045 1722 1143 1764 των]
1186 1723 1302 1755 Verba
1330 1723 1396 1754 τῶν
1422 1721 1588 1754 τοιούτων
1613 1725 1680 1756 nisi

1043 1779 1119 1801 eum
1158 1765 1206 1800 τίς
1242 1774 1514 1801 connectantur.
1549 1770 1682 1802 nullum

1043 1825 1142 1846 usum
1177 1816 1317 1847 habent.
1377 1814 1610 1852 Quamobrem
1643 1825 1683 1847 ea

1043 1861 1269 1901 Stephano
1320 1861 1463 1893 fuerunt
1508 1866 1680 1903 suspecta.

1042 1906 1128 1937 Mox
1154 1905 1328 1948 λαγχάνειν
1354 1904 1451 1949 δίκην
1477 1907 1520 1939 de
1551 1908 1681 1940 caussi-

1042 1953 1128 1984 dicis
1159 1953 1412 1995 accipiendum,
1440 1955 1496 1995 qui
1523 1964 1680 1986 caussam

1044 1999 1193 2040 aliquam
1219 2010 1281 2041 pro
1307 2000 1384 2031 aliis
1408 1999 1444 2030 in
1472 1999 1549 2031 foro
1576 2010 1681 2041 agen-

1043 2045 1122 2076 dam
1142 2055 1182 2077 ac
1201 2045 1455 2078 defendendam
1475 2047 1680 2087 suscipiunt.

1090 2136 1232 2177 01sz
1257 2135 1299 2167 ἐκ
1326 2133 1490 2167 παντὸς
1517 2132 1681 2175 τρόπου

1089 2182 1102 2222 ]
1130 2182 1327 2214 Formulam
1351 2180 1386 2213 ἐκ
1403 2178 1531 2211 παντὸς
1551 2179 1682 2222 τρόπου

1043 2227 1296 2259 illustravimus
1329 2229 1372 2259 ad
1409 2227 1600 2268 Euthydem
1649 2238 1681 2268 p.

1042 2272 1119 2305 ⁴282.
1147 2275 1189 2304 Α.
1217 2279 1248 2305 et
1274 2274 1384 2314 Legg.
1417 2273 1445 2302 V
1482 2283 1514 2314 p.
1544 2272 1619 2307 745.
1639 2273 1680 2304 E.
