1781 2971
725 928 842 993 IB.

199 1104 311 1163 Cap.
349 1103 384 1150 I.

462 1089 579 1152 Eozv
615 1107 673 1159 ὡς
710 1104 979 1163 πρεσβευτής
1013 1123 1078 1157 τις
1106 1106 1131 1159 ἢ
1162 1108 1296 1167 κῆρυξ
1321 1129 1454 1154 κατα-
1488 1121 1568 1163 941

101 1172 376 1233 ψευδόμενος
412 1191 492 1227 της
538 1174 706 1225 πόλεως
753 1175 1173 1231 παραπρεσβειηται
1210 1194 1322 1235 προς
1356 1197 1455 1222 τιια

99 1241 244 1289 πόλιν,
285 1238 308 1292 ὴ
358 1242 639 1298 πεμπόμενος
681 1241 741 1297 μὴ
788 1241 871 1292 τὰς
921 1239 1057 1292 οὔσας
1105 1247 1337 1299 ποεσβειάς
1381 1246 1452 1306 ἐφ’

98 1308 169 1359 αἶς
203 1314 417 1363 πέιιπεται
453 1308 605 1362 (ἐπαγ)
609 1312 719 1383 ὲὶλζῑ,
758 1307 782 1361 ἣ
820 1309 956 1351 πάλιν
992 1303 1048 1351 αὖ
1087 1327 1209 1366 παρα
1252 1314 1339 1355 τῶν
1375 1331 1455 1357 πο-

98 1378 255 1430 λεμίων
293 1373 317 1427 ὴ
355 1379 427 1419 καὶ
466 1381 607 1436 φίλων
643 1376 704 1432 μὴ
732 1374 786 1418 τὰ
813 1374 918 1430 παρ’
961 1380 1133 1419 ἐκείνων
1156 1377 1312 1433 ὀρθῶς
1337 1397 1455 1425 απο-

96 1442 366 1499 πρεσβεύσας
417 1449 595 1499 γένηται
642 1439 898 1503 ᾳνανερὸςῆ
943 1444 1230 1499 κηρυκεύσας,
1280 1451 1455 1505 γραᾳαὶ

168 1597 206 1630 Ρ.
244 1597 323 1632 941.
381 1598 736 1641 παραπρεσβεύη-

96 1655 160 1675 ται
190 1642 303 1684 πρός
330 1656 421 1676 τινα
446 1646 499 1687 π.]
529 1646 578 1677 De
594 1646 737 1678 crimine

92 1691 276 1732 legationis
304 1693 390 1723 maia
412 1691 478 1724 fide
492 1696 626 1733 gestae,
644 1691 736 1732 quod

94 1737 239 1769 Athenis
273 1747 336 1778 pro
364 1738 472 1779 ipsius
504 1738 738 1779 magnitudine

92 1782 198 1815 modo
224 1783 343 1815 multis
375 1783 604 1825 gravior-ibim,
631 1783 737 1816 modo

93 1829 215 1870 capitis
248 1829 415 1870 supplicio
432 1830 649 1870 puniebatur,
675 1840 735 1862 ex-

93 1880 288 1916 posuerunt
322 1875 504 1907 Petitus
542 1876 583 1907 ad
626 1876 734 1917 Legg.

94 1920 197 1952 Attio.
238 1931 271 1961 p.
304 1920 370 1954 341
407 1931 458 1961 sq.
493 1921 734 1953 Tittmaun.

91 1966 148 1998 De
185 1966 287 1998 rebus
326 1966 417 2007 pubi.
458 1971 523 1999 vet.
563 1965 735 2000 Graeciae

91 2022 124 2054 p.
151 2011 230 2047 332.
259 2023 307 2052 sq.
335 2013 475 2045 Meier
508 2017 542 2044 et
568 2011 731 2044 Schoe—

91 2068 195 2090 man
216 2068 234 2089 n
266 2058 431 2090 Process.
468 2059 545 2090 Att.
580 2069 613 2100 p.
654 2057 731 2093 244.

90 2103 243 2135 Wachs
255 2115 285 2136 m
300 2103 383 2136 uth.
399 2105 626 2145 Antiquitatt.
642 2105 727 2137 Hei-

88 2150 156 2184 len.
172 2150 302 2184 v01.11.
322 2150 726 2192 P.1.p.261.Boeckh.

88 2195 280 2230 Oecon'om.
301 2195 424 2229 Athen.
445 2197 519 2229 Vol.
547 2197 571 2228 1.
599 2207 631 2239 p.
646 2196 726 2231 412.

133 2262 183 2305 μὴ
210 2263 282 2296 τὰς
305 2263 442 2297 οὔσας
467 2265 726 2307 πρεσβείας]

89 2308 135 2341 H.
153 2319 278 2342 e.non
303 2321 367 2348 ea,
393 2321 571 2352 quorum
600 2322 726 2344 caus-

87 2366 131 2387 sa
158 2355 316 2388 missus
343 2361 437 2391 est„
467 2357 552 2390 Nam
571 2356 623 2389 hic
638 2368 726 2399 quo-

87 2410 154 2442 que
190 2402 419 2443 abstractum,
452 2404 546 2444 quod
587 2407 725 2442 vocant,

87 2457 149 2489 pro
176 2452 342 2479 concreto
367 2449 532 2490 positum.

132 2512 182 2556 μὴ
223 2513 265 2546 td
308 2515 404 2557 παρ’
439 2515 617 2548 ἐκείνων
654 2513 723 2559 ὀρ-

87 2560 194 2604 θῶς]
229 2561 448 2602 Praepositio
482 2561 574 2604 παρὰ
599 2563 642 2595 ob
669 2574 724 2595 se-

85 2616 194 2648 quens
217 2603 500 2650 ἆποπρεσβειῖσαε
525 2609 653 2650 posita,
682 2609 726 2642 de

85 2662 155 2692 quo
181 2653 348 2694 loquendi
374 2665 502 2693 genere
528 2665 558 2685 v.
586 2664 662 2688 nnn.
678 2655 726 2686 nd

87 2696 264 2730 Phaedon.
299 2710 331 2740 ρ.
366 2700 419 2734 58.
457 2705 496 2734 Α.
529 2704 564 2733 et
596 2700 650 2735 76.
682 2700 723 2732 D.

133 2754 220 2786 piat.
249 2755 337 2798 Opp.
364 2757 442 2790 Vol.
468 2755 511 2790 X.
546 2756 641 2788 Sect.
670 2756 736 2788 Iu.

807 1599 912 1640 Apol.
939 1597 1038 1630 Socr.
1070 1610 1101 1641 p.
1133 1598 1190 1633 32.
1221 1600 1258 1632 Β.
1287 1602 1450 1644 Alioquin

808 1644 846 1676 τὰ
873 1643 1013 1675 ἑκεινωι
1038 1644 1220 1678 dicendum
1249 1645 1324 1679 suit.

876 1690 1036 1732 γραφαὶ
1091 1688 1192 1722 κατά
1248 1690 1446 1738 τούτων]

806 1736 895 1768 Post
918 1734 979 1768 ἐάι
1005 1746 1053 1768 τις
1067 1737 1158 1778 quod
1177 1747 1339 1771 numerus
1358 1741 1449 1773 mul·

805 1782 962 1814 titudinis
993 1783 1154 1823 insertur,
1193 1783 1235 1816 de
1267 1795 1309 1818 eo
1343 1795 1374 1818 V.
1404 1785 1449 1819 ad

804 1828 848 1860 X.
882 1839 914 1870 p.
948 1828 1027 1863 908.
1067 1829 1105 1860 B.
1146 1808 1287 1864 'Phneb.
1321 1842 1352 1873 p.
1389 1832 1446 1866 45.

805 1874 843 1905 C.
869 1876 959 1909 conf.
978 1875 1060 1906 infra
1078 1886 1111 1916 p.
1135 1875 1214 1909 943.
1233 1880 1272 1909 A.
1294 1876 1332 1909 E.
1373 1878 1446 1911 Sed

803 1918 868 1951 hoc
901 1920 1037 1961 quidem
1072 1922 1216 1962 vulgare
1255 1927 1308 1955 est
1340 1927 1446 1964 atque

803 1966 934 1997 tritum.
1007 1966 1214 1998 Insolentius
1274 1967 1446 2001 ridebitur

800 2011 893 2051 quod
928 2011 1052 2045 deinde
1092 2013 1259 2054 scriptum
1303 2014 1444 2067 legitur.

800 2057 958 2098 ἀγγελίας
1005 2058 1059 2088 καὶ
1099 2056 1266 2098 ἐπιτάξεις
1313 2055 1443 2102 ἀσεβη-

800 2103 943 2136 σάντων.
991 2104 1116 2136 Solent
1145 2107 1234 2138 enim
1266 2106 1440 2138 eiusmodi

796 2151 987 2183 accusativi
1006 2150 1210 2192 plerumque
1227 2156 1350 2184 neutro
1365 2157 1439 2184 tan-

796 2200 868 2227 tum
897 2207 1024 2238 genere
1060 2196 1187 2228 talibus
1213 2198 1326 2229 verbis
1354 2208 1438 2230 con-

795 2242 906 2283 iungi,
939 2247 975 2274 ut
1000 2251 1107 2283 quum
1132 2242 1255 2275 dieitur
1280 2239 1438 2284 εὐσεβεῖν

796 2288 848 2320 vel
882 2284 1020 2329 ἀσεβεῖν
1054 2285 1092 2318 τὰ
1124 2287 1210 2330 πρὸς
1243 2287 1372 2327 θεούς,
1403 2295 1439 2322 et

794 2343 883 2374 quae
907 2340 986 2366 sunt
1009 2333 1142 2366 similia.
1191 2333 1294 2372 Quod
1324 2335 1437 2376 ipsum

794 2379 1180 2418 Winkeimannum
1219 2382 1438 2422 permovisse

796 2425 951 2466 videtur,
975 2431 1013 2458 ut
1038 2425 1222 2458 Platonem
1249 2427 1438 2459 coniiceret

795 2472 995 2512 scripsisse:
1021 2469 1069 2502 ὥς
1093 2469 1156 2502 εἰς
1179 2467 1304 2513 Ἑρμοῦ
1322 2483 1351 2504 κ.
1366 2483 1391 2504 τ.
1406 2472 1433 2504 λ.

794 2517 937 2559 Quippe
962 2517 1124 2558 frequens
1150 2521 1204 2549 est
1216 2518 1334 2560 utique
1354 2514 1436 2550 οἶσε-

794 2563 870 2604 βεῐν
903 2564 953 2595 εἴς
984 2574 1012 2595 τι
1044 2564 1096 2594 vei
1123 2566 1264 2604 aspin.
1312 2565 1435 2606 Atque

793 2610 907 2651 possis
933 2610 1034 2641 etiarn
1060 2608 1127 2640 alio
1153 2608 1258 2649 modo
1281 2609 1434 2642 insolen-

794 2656 877 2687 tiam
905 2659 1100 2687 structurae
1119 2664 1296 2696 amovere,
1323 2655 1432 2698 siqui-

795 2701 872 2734 dem
918 2702 1011 2733 nullo
1057 2699 1132 2732 fere
1176 2702 1317 2743 negotio
1369 2711 1448 2743 pro.

1091 2756 1146 2796 22
