1781 2971
412 171 804 215 EPINOMIS.
843 172 888 213 P.
922 173 1015 214 984.
1048 170 1110 214 St.

95 290 195 338 τοὺς
233 287 508 345 ἀνθρώπους
554 288 870 333 ἀποτελευτᾶν.
951 286 1062 348 Cup.
1102 283 1229 330 VIII.
1304 285 1440 336 &cong

91 359 169 410 μὲν
207 356 288 408 δή,
326 361 405 400 Δία
444 373 486 399 τε
524 360 594 399 καὶ
622 355 772 413 ἹΙραν
808 358 878 398 καὶ
919 354 1020 405 τοὺς
1055 354 1216 404 ἄλλους
1253 355 1438 403 minag,

94 422 180 483 ὅπῃ
219 440 283 473 τις
318 426 473 473 ἐθέλει,
511 423 649 484 ταύτῃ
687 423 800 466 κατὰ
836 422 912 465 τὸν
948 421 1087 465 αὐτὸν
1123 423 1326 464 τιθέσθω
1366 421 1437 464 νό-

93 507 198 545 μον,
243 494 313 533 καὶ
353 491 514 545 παγιον
558 497 681 547 ἐχέτω
722 493 885 534 τοῦτον
922 490 1000 531 τὸν
1036 489 1183 542 λόγον.
1222 487 1361 538 θεοὺς
1395 490 1439 531 δὲ

1357 171 1436 212 509

96 555 148 609 δὴ
204 556 305 608 τοὺς
360 557 577 614 ὁρατούς,
622 562 852 614 μεγίστους
902 559 975 599 καὶ
1025 554 1315 610 τιμιωτάτους
1368 558 1440 597 καὶ

108 624 172 651 ’a‘

96 640 315 676 οςυτατον
375 624 573 682 ὁρῶντας
632 626 804 675 πάντας
845 624 1016 684 πάντῃ,

399 690 575 747 ἄστρων
640 693 775 749 φύσιν

99 758 267 802 τούτων
316 759 643 813 αἰσθανόμεθα
695 758 930 813 γεγονότα·

99 829 170 867 καὶ
224 824 309 868 ὑπὸ
372 825 547 875 τούτοις
608 827 703 877 ἑξῆς
766 828 1002 880 δαίμονας,

101 910 195 942 νος,
238 898 336 948 ἔχον
379 896 509 949 ἕδραν
558 897 706 949 τρίτην
757 895 828 935 καὶ
872 898 1026 947 μέσην,

99 691 179 743 τὴν
244 695 330 734 τῶν

1084 622 1186 673 τους
1239 622 1440 677 πρώτους

836 694 1006 734 λεκτέον
1063 693 1133 733 καὶ
1187 687 1270 733 ὅσα
1325 690 1434 745 μετα

1152 759 1196 800 δὲ
1255 757 1441 805 τούτους

1066 823 1218 880 άὲριόν
1273 841 1318 877 γε
1376 830 1440 878 γὲ-

1094 894 1171 944 τῆς
1214 894 1443 946 ἑρμηνείας

986 757 1095 812 μετα

105 1049 201 1080 Voss.
229 1058 261 1079 x.
289 1059 312 1080 r.
338 1058 365 1079 a.
395 1060 422 1079 c.
453 1049 480 1079 ὸ.
514 1062 542 1080 υ.
571 1055 603 1081 et
631 1049 782 1080 Eusebio
809 1047 900 1079 Χ111.
930 1048 980 1081 18.
1010 1058 1040 1087 p.
1069 1047 1146 1082 702.
1174 1048 1211 1079 C.

195 1094 232 1126 Ε.
283 1092 431 1138 (ispum
461 1107 500 1135 γε
534 1095 673 1136 γένος]
712 1094 769 1125 Sic
796 1094 875 1127 Vat.
906 1104 930 1125 r.
984 1093 1098 1126 Ceteri
1124 1098 1159 1125 ut
1185 1094 1305 1134 vulgo:
1330 1091 1445 1136 ἀέριον

103 1141 144 1172 δὲ
168 1144 244 1182 γένο
271 1165 276 1170 .

103 1252 215 1284 diuino
242 1252 370 1284 honore
396 1253 537 1284 mactari
567 1257 741 1294 oportere.

103 1297 272 1330 Nimirum
316 1297 378 1328 suit
407 1298 490 1330 haec
523 1299 641 1340 opinio
674 1299 740 1329 iam

103 1349 239 1376 mature
282 1354 301 1376 a
340 1344 486 1377 Graecis
532 1344 743 1386 philosophis

105 1395 266 1431 suscepta
281 1394 386 1430 atque
400 1392 573 1432 Aponinis
599 1396 694 1423 certo
709 1396 743 1422 et

106 1436 232 1468 Dianae
258 1436 361 1467 cultui
380 1438 537 1478 populari
553 1436 740 1469 admodum

107 1487 268 1523 cognata.
294 1482 346 1513 Ita
374 1483 627 1515 Anaximander
651 1487 743 1514 astra

107 1538 168 1569 pro
196 1527 263 1560 diis
288 1526 422 1566 habuit.
456 1529 498 1561 de
530 1539 598 1569 quo
627 1539 654 1563 v,
682 1528 743 1559 Ci-

107 1584 190 1607 cer.
232 1574 280 1605 De
312 1572 351 1606 N.
385 1574 430 1605 D.
473 1574 497 1606 1.
532 1575 587 1609 10.
625 1575 745 1606 Stoi).

106 1618 252 1661 Eclogg.
272 1619 416 1661 Phys-p.
432 1620 487 1654 56.
518 1619 741 1653 Plutarch.

108 1665 232 1697 Placit.
259 1663 346 1697 Phil.
374 1665 402 1697 Ι.
431 1666 460 1700 7.
480 1667 534 1700 11.
567 1670 741 1709 August.

109 1711 158 1743 De
179 1710 254 1742 Civ.
281 1711 343 1743 Dei
373 1711 460 1745 vm.
481 1713 512 1746 2.
563 1713 605 1744 Et
629 1713 661 1744 in
687 1722 743 1743 ea-

107 1756 185 1789 dem
212 1756 382 1789 sententia
407 1757 470 1790 fnit
495 1759 597 1791 etiam
615 1758 743 1799 Pytha-

106 1813 224 1844 goras,
250 1812 352 1844 quem
380 1802 535 1837 Cicero
564 1804 669 1837 Acad.
688 1803 743 1836 lV.

107 1848 163 1882 37.
198 1853 232 1880 et
267 1849 391 1890 Diog.
426 1850 570 1882 Laert.
596 1850 685 1882 Vin.
714 1861 744 1891 p.

108 1893 187 1928 582.
214 1894 295 1925 item
327 1896 456 1935 solem,
490 1898 604 1928 lunam
631 1901 666 1928 et
692 1906 745 1928 re-

109 1941 199 1981 liqua
225 1938 336 1971 sidera
361 1940 448 1972 deos
463 1941 592 1974 dixisse
616 1946 746 1973 testan-

110 1993 176 2019 tur.
226 1985 426 2026 Repetitum
454 1992 569 2020 autem
596 1986 671 2019 hinc
698 1986 748 2018 di·

111 2031 258 2063 scrimen
276 2032 341 2062 τῶν
357 2028 490 2073 ὁρατῶν
507 2037 542 2065 et
569 2033 634 2065 τῶν
659 2030 749 2073 ἀφα-

112 2079 181 2109 νῶν
205 2077 302 2108 θεῶν
329 2087 350 2110 a
373 2078 562 2111 Platonicis
577 2079 748 2112 recentio-

112 2125 204 2156 ribus
224 2124 404 2164 plurimum
421 2126 651 2164 ceiebratnm3
671 2135 746 2157 nam

113 2167 230 2211 ὀρατοὶ
260 2169 341 2201 θεοὶ
373 2176 450 2203 sunt
482 2171 610 2211 sidera3
644 2171 750 2202 ceteri

112 2226 232 2249 omnes
269 2213 424 2256 ἀφανεῖς.
468 2228 498 2248 v.
532 2218 670 2251 Davis.
707 2216 748 2248 ad

111 2262 252 2295 Maxim.
277 2262 360 2303 Tyr.
388 2262 415 2294 Ι.
442 2262 494 2297 10

160 2307 201 2338 Ε.
251 2306 479 2347 δαίμονας,
525 2305 675 2349 dimon
706 2319 750 2350 γε

114 2352 263 2394 γένος
288 2354 355 2394 -J
388 2354 446 2391 Sic
480 2365 541 2397 pro
577 2356 666 2397 vulg.
693 2354 748 2386 ἀέ-

115 2409 191 2440 ριον
224 2396 264 2430 δὲ
297 2398 393 2441 γένος
425 2410 491 2433 non
518 2401 749 2434 dubitavimus

114 2455 156 2477 ex
173 2454 239 2476 uno
258 2446 336 2476 cod.
361 2443 543 2479 Bekkeri
570 2448 749 2488 refingere.

112 2490 199 2523 Nam
237 2491 417 2532 aptissime
453 2492 577 2525 dicitur
619 2494 750 2534 utique:

114 2537 282 2569 aerium
311 2541 434 2569 certe
459 2548 618 2579 genns;
646 2549 751 2579 quum

117 2580 152 2613 δὲ
177 2584 317 2614 omnino
345 2583 469 2614 nuHam
499 2583 621 2617 habeat
647 2584 754 2626 expli·

116 2628 306 2667 rationem,
357 2633 396 2659 ut
444 2629 544 2661 etiam
595 2632 755 2662 Astius

115 2674 359 2712 .;οιϊὶσεηάυιῃ
378 2673 512 2707 duxerit
533 2677 645 2708 locum
669 2675 758 2708 hunc

116 2713 257 2772 quidem
297 2720 330 2752 in
377 2721 538 2754 modum:
578 2718 694 2763 ἀέριόν
726 2734 759 2753 τι

116 2765 231 2811 γείος.
282 2766 441 2799 Platonis
468 2768 510 2801 de
536 2766 760 2801 daemonibus

810 1252 1011 1284 sententiam
1047 1261 1240 1294 cognoscas
1273 1261 1315 1283 ex
1350 1252 1446 1292 Apo-

811 1300 878 1340 log.
908 1298 1044 1330 socrat.
1071 1309 1104 1340 p.
1130 1298 1187 1332 27.
1205 1297 1319 1338 quq.
1347 1296 1445 1337 Sym-

811 1354 887 1384 pos.
921 1355 953 1385 p.
988 1343 1066 1377 202.
1094 1343 1121 1375 D
1148 1354 1221 1385 sqq.
1256 1343 1385 1384 Cratyl.
1413 1353 1446 1384 p.

810 1390 887 1424 397.
916 1390 942 1422 D
970 1400 1045 1431 sqq.
1084 1389 1193 1431 Legg.
1221 1389 1277 1432 ly.
1309 1400 1340 1430 p.
1369 1389 1446 1423 713.

813 1437 850 1468 D.
879 1438 956 1468 coil.
984 1446 1057 1468 cum
1087 1436 1224 1467 politic.
1257 1446 1287 1477 p.
1313 1434 1393 1469 274.
1419 1435 1448 1467 Β

813 1493 885 1523 sqq.
922 1481 1096 1514 Phaedon.
1131 1493 1164 1523 p.
1193 1481 1271 1515 107.
1297 1481 1342 1513 D.
1370 1480 1447 1516 108.

816 1529 853 1560 B.
881 1527 971 1559 conf.
988 1528 1148 1569 Prolegg.
1174 1532 1291 1560 nostra
1315 1527 1356 1560 ad
1376 1528 1449 1561 Po-

814 1575 938 1607 iiticum
973 1585 1006 1615 p.
1032 1574 1097 1607 111
1123 1584 1198 1615 sqq.
1229 1578 1264 1606 et
1294 1583 1371 1606 ann.
1404 1572 1448 1606 ad

812 1620 974 1662 Sympos.
999 1622 1020 1652 Ι.
1049 1630 1077 1651 c.
1137 1618 1367 1662 Pythagoram
1402 1619 1448 1651 si-

812 1667 902 1699 milia
935 1665 978 1699 de
1016 1665 1244 1699 daemonibus
1282 1667 1451 1698 statuisse

812 1717 946 1744 constat
978 1723 1018 1744 ex
1051 1712 1173 1754 Diog.
1206 1711 1248 1744 L.
1279 1711 1364 1744 xlll.
1391 1712 1449 1746 32.

813 1757 1038 1790 Piutarch.
1070 1758 1126 1790 De
1160 1757 1275 1799 placit.
1311 1756 1391 1799 phil.
1427 1758 1450 1790 1.

812 1805 843 1838 8.
896 1804 1062 1836 Cetei-nm
1103 1803 1146 1836 de
1186 1803 1454 1846 daemonologia

813 1850 1027 1883 Graecorum
1049 1852 1146 1891 tegas
1165 1850 1304 1882 omnino
1322 1850 1453 1884 Creu-

815 1907 901 1929 zer.
927 1897 1081 1937 Symboi.
1109 1900 1143 1928 et
1162 1894 1306 1937 Mythol.
1333 1896 1392 1929 111.
1419 1906 1452 1938 p.

815 1943 859 1977 67
891 1952 964 1982 sqq.
1004 1941 1292 1975 Eckermann:
1331 1942 1452 1974 Reii·

815 1986 1090 2028 gionsgesch.
1122 1985 1353 2027 u.Mythol.
1381 1987 1455 2018 der

818 2034 980 2065 Vo'iker
1041 2032 1117 2064 des
1173 2031 1455 2065 Alterthums

818 2079 897 2111 Voi.
933 2078 958 2111 1.
985 2090 1014 2118 p.
1043 2078 1109 2112 351
1137 2088 1210 2120 sqq.
1243 2076 1317 2110 Ed.
1350 2078 1454 2111 Ger—

819 2124 938 2157 hard:
965 2125 1081 2158 Ueber
1093 2123 1455 2164 Wesen‚Verwandt-

819 2170 928 2203 schaft
954 2181 984 2203 u.
1010 2171 1188 2212 Ursprung
1221 2169 1284 2202 der
1309 2170 1453 2203 Daemo-

819 2227 882 2250 nen
916 2227 946 2248 u.
985 2217 1132 2248 Genien.
1169 2216 1319 2250 Beroiin.
1352 2216 1455 2250 1852.

817 2263 851 2297 4.
876 2264 1078 2302 (comment.
1110 2263 1143 2294 in
1169 2262 1341 2296 Academ.
1366 2262 1456 2304 Reg.

819 2308 992 2350 reeitstn).
1021 2309 1059 2340 C.
1088 2307 1241 2340 Lehrs:
1279 2307 1456 2350 Populare

819 2355 985 2387 Aufsi‘itze
1011 2365 1073 2386 aus
1098 2354 1174 2386 dem
1201 2353 1397 2387 Alterthum
1422 2365 1456 2396 p.

819 2400 885 2435 123
913 2411 987 2441 sqq.
1018 2400 1174 2442 (Ueber
1200 2398 1321 2440 Gott,
1348 2400 1457 2432 Go't-

819 2453 887 2480 ter
922 2457 954 2478 u.
991 2445 1265 2486 Daemonen).
1302 2450 1336 2477 et
1366 2456 1457 2488 qnae

819 2493 862 2525 de
887 2491 1170 2534 philosophorum
1199 2491 1370 2529 variorum
1397 2502 1456 2524 va-

821 2539 877 2571 riis
893 2539 1074 2570 sententiis
1091 2542 1326 2579 exposuerunt
1350 2538 1457 2570 Cud-

823 2583 967 2616 worth.
1001 2583 1152 2627 System.
1185 2583 1293 2616 intell.
1319 2595 1351 2626 p.
1377 2584 1457 2618 806.

823 2630 1057 2663 Fabricius
1088 2630 1130 2661 ad
1164 2629 1260 2661 Sext.
1296 2629 1397 2673 Emp.
1425 2642 1457 2671 p.

824 2677 903 2711 571.
933 2676 1082 2708 Aetius
1109 2675 1150 2708 ad
1176 2674 1294 2717 Symp.
1321 2687 1353 2718 p.
1380 2677 1458 2711 261.

827 2727 862 2755 et
894 2722 939 2754 ad
972 2721 1001 2754 h.
1039 2722 1061 2753 1.
1094 2732 1127 2764 p.
1158 2721 1237 2756 602.
1269 2723 1377 2764 intpp.
1415 2722 1457 2754 ad

829 2769 949 2810 Diog.
977 2767 1118 2803 Laert.
1148 2767 1247 2800 VIII.
1277 2767 1331 2801 32.
