1781 2971
316 108 397 148 '228
797 109 1184 156 PLATONIS

412 224 515 265 KA.
585 222 742 276 Λεινην
791 226 876 283 γάρ
921 227 1070 271 εἰκόνα
1115 232 1254 284 λέγοις
1295 229 1353 274 ἂν
1403 234 1537 285 λέγων
1581 233 1662 277 τὸν

316 289 452 342 λόγον
487 289 663 333 τοῦτον.

416 356 513 398 ΑΘ.
588 356 651 399 Οὐ
696 355 786 412 μὴν
832 356 934 401 οὐδὲ
971 370 1234 417 στρατηγοῖς
1271 380 1316 417 γε
1353 362 1449 407 οὐδ’
1492 369 1662 421 ἰατροῖς

317 421 418 466 οὐδὲ
454 430 676 479 γεωργοῖς,
713 422 815 467 οὐδὲ
851 426 1075 479 νομεῦσιν·
1115 428 1168 472 οὐ
1205 428 1294 482 μὴν
1332 429 1434 475 οὐδὲ
1461 447 1546 474 τισι
1567 435 1661 475 κυσὶ

312 491 614 543 κεκηλημένοις
646 488 733 533 ὑπὸ
771 488 925 534 λύκων.

416 556 521 598 ΚΛ.
591 555 816 615 Εὐφήμει·
853 559 947 608 πῶς
981 558 1067 617 γὰρ
1100 558 1187 617 ἄνς.

414 623 511 666 ΑΘ.
583 621 697 666 Ἀλλ’
764 622 818 668 οὐ
865 624 1047 668 πάντων
1091 627 1302 686 φυλάκων
1347 631 1425 673 εἰσὶ
1467 636 1660 686 μέγιστοι

314 691 387 732 καὶ
422 692 519 744 περὶ
555 687 611 732 τοὶ
647 694 826 745 μέγιστα
864 689 967 746 ἡμῖν
1003 696 1044 735 οὶ
1081 693 1243 746 πάντες
1279 698 1409 750 fimi,-

414 757 519 801 KA.
586 756 716 799 Πολύ
750 773 811 812 γε.

414 824 513 866 ΛΘ.
591 822 707 875 Τοὺς
740 822 793 877 δὴ
828 821 1042 866 κάλλιστά
1073 841 1116 868 τε
1141 827 1384 885 πράγματα
1410 828 1662 888 φυλάττον-

314 906 393 939 τας
428 889 724 947 διαφέροντάς
759 907 803 933 τε
838 887 1008 940 αὐτοὺς
1042 895 1216 954 φυλακῇ
1252 893 1363 952 πρὸς
1387 894 1553 950 ἀρετὴν
1588 913 1661 940 κν-

311 957 400 998 νῶν
432 960 605 1013 χείρους
644 959 716 1000 καὶ
752 955 1014 1014 ἀνθρώπων
1046 964 1189 1013 μέσων
1223 960 1335 1004 εἶναι
1371 963 1584 1021 φήσομεν,
1620 965 1662 1007 οἳ

311 1021 362 1065 τὸ
402 1024 574 1066 δίκαιον
611 1022 690 1066 οὐκ
726 1022 786 1067 ἄν
820 1039 937 1066 ποτε·
962 1027 1172 1079 προδοῖεν
1200 1032 1324 1070 ἕνεκα
1347 1028 1499 1084 δώρων
1535 1028 1656 1088 παρὰ

309 1087 473 1133 ἀδίκων
507 1089 687 1148 ἀνδρῶν
721 1090 912 1140 ἀνοσίως
948 1092 1212 1148 &dommum

414 1158 517 1200 KA.
593 1157 832 1213 Οὐδαμῶς·
877 1155 978 1200 οὔτε
1016 1157 1203 1211 ἀνεκτὸς
1238 1159 1261 1204 ὁ
1298 1160 1448 1216 λόγος,
1492 1164 1579 1205 τῶν
1617 1179 1660 1207 τε

203 569 284 610 907

406 1286 444 1319 Ε.
494 1285 551 1319 Οὐ
576 1286 655 1330 μὴν
681 1287 784 1320 οὐδὲ
809 1298 895 1321 τισι
922 1290 978 1331 κ.]
1028 1289 1087 1322 Sic
1118 1301 1159 1323 ex
1193 1293 1311 1334 Angel.
1346 1291 1423 1324 Vat.
1458 1291 1479 1324 f.
1507 1291 1600 1325 Flor.
1627 1303 1658 1325 a.

313 1344 344 1365 o.
373 1336 409 1365 et
433 1343 503 1368 rec.
544 1331 582 1366 Ω.
609 1334 700 1367 dedi.
745 1335 855 1375 Vulgo
887 1339 966 1368 ante
990 1333 1057 1377 μὴν
1092 1345 1161 1369 om.
1189 1333 1252 1369 Οὐ.
1303 1337 1549 1380 Recipiendurn
1579 1348 1658 1371 sua·

311 1383 405 1411 serat
430 1379 496 1411 iam
523 1379 730 1421 Stephanus.
780 1381 850 1413 Alii
876 1384 990 1414 tamen
1015 1385 1168 1414 veterem
1195 1393 1348 1416 errorem
1373 1391 1566 1417 servarunt.

406 1424 445 1456 P.
471 1425 551 1460 907.
601 1423 793 1458 ἀνοσίως
818 1424 1086 1469 διδομένων]
1114 1427 1153 1460 V.
1181 1427 1390 1468 δεδομένων,
1416 1430 1528 1463 invitis
1554 1431 1655 1464 codd.

314 1470 491 1504 omnibus.

403 1515 589 1549 ἀνεκτὸς
613 1514 633 1548 o‘
661 1515 816 1560 λόγος]
847 1514 990 1551 ἀνεκτὸς
1020 1517 1133 1562 λόγων
1162 1520 1208 1554 Α.
1237 1517 1275 1552 Ω.
1303 1520 1340 1555 Ξ.
1368 1531 1399 1552 v.
1424 1530 1458 1553 x.
1488 1525 1523 1554 et
1549 1531 1598 1563 pr.
1626 1533 1657 1554 a.

314 1572 342 1597 c.
388 1563 474 1596 Dein
510 1561 702 1596 κινδυνεύει
730 1564 797 1596 πᾶς
830 1566 868 1597 Α.
907 1562 945 1596 Ω.
978 1574 1027 1607 pr.
1067 1575 1097 1600 v.
1129 1575 1160 1598 a.
1196 1563 1224 1596 δ.
1261 1577 1295 1597 x.
1328 1571 1363 1599 et
1397 1575 1504 1609 marg.
1532 1567 1655 1609 Stepli.

311 1680 534 1711 evertunt.
583 1675 636 1708 Ad
670 1676 851 1718 Μηδαμῶς
886 1677 947 1709 int.

311 1721 384 1763 λέγε
408 1725 520 1754 τοῦτο
545 1726 604 1754 aut
629 1722 741 1754 simile
766 1722 950 1763 quiddam;

310 1778 422 1808 neque
469 1768 558 1801 enim
606 1768 700 1800 idem
749 1772 803 1800 est
844 1773 950 1808 atque

312 1812 496 1856 Οὐδαμῶς.
522 1825 553 1847 v.
579 1814 621 1846 ad
650 1812 799 1846 Phaedr.
819 1825 850 1856 p.
868 1813 947 1849 234.

311 1858 351 1892 Ε.
375 1864 410 1892 et
437 1859 573 1893 Menex.
602 1870 634 1901 p.
666 1859 744 1893 236.
771 1859 811 1891 C.

356 1904 403 1937 οὐ
445 1904 527 1947 μὴν
565 1904 668 1938 ου’δέ
711 1917 802 1937 τισι
852 1904 951 1938 κυσὶ

311 1950 476 1992 muni-‚l
513 1952 630 1993 Vulgo
662 1956 752 1984 erat:
786 1949 869 1983 οὐδὲ
894 1964 948 1982 νο·

308 2000 412 2039 μεῦσι
425 1995 494 2038 μὴν
509 1996 593 2029 ου’δέ
608 2009 677 2028 τισι
698 2010 728 2029 κ.
750 1996 842 2038 quod
861 2008 948 2038 quo-

305 2043 411 2075 modo
436 2042 574 2075 defendi
600 2047 725 2083 queat,
752 2042 839 2075 haud
866 2053 949 2076 sane

305 2088 539 2130 intelligimus.
572 2087 655 2121 Nam
681 2089 848 2120 falluntur
872 2089 948 2120 sine

306 2133 431 2166 dubio.
463 2134 520 2174 qui
546 2134 649 2166 verba
676 2134 947 2175 interpretantur

308 2181 380 2212 sic:
418 2189 559 2221 neque
582 2181 778 2222 profecto
805 2186 945 2221 pasto-

307 2226 439 2258 ribus.
498 2225 609 2264 Qnam
641 2225 741 2267 primi
773 2236 813 2257 ex
842 2223 945 2260 codd.

305 2271 477 2304 nonnullis
509 2272 742 2313 protraximus
774 2272 853 2303 olim
894 2272 944 2303 le-

307 2318 471 2360 ctionem,
497 2327 573 2350 eam
600 2319 704 2350 etiam
731 2327 820 2349 nunc
844 2318 946 2349 unice

307 2373 424 2397 veram
454 2367 629 2404 putamus.
679 2362 815 2396 Etenim
842 2363 947 2395 iterat

307 2409 526 2442 Atheniensis
561 2408 642 2441 illud
677 2419 776 2441 suum
812 2407 853 2440 ου’
878 2406 947 2449 μὴν

305 2453 402 2492 οὐδέ,
429 2456 590 2495 quoniam
624 2455 791 2497 exemplis
817 2454 860 2486 ab
886 2453 945 2487 lio-

305 2501 455 2532 minibus
480 2501 639 2542 repetitis
664 2500 729 2533 iam
754 2500 857 2533 etiam
883 2499 946 2531 ali·

307 2545 352 2577 ud
387 2545 476 2578 haud
515 2547 633 2587 paullo
666 2546 830 2578 illustrius
862 2545 943 2577 sub-

307 2591 430 2631 iungit,
459 2591 552 2633 quod
588 2603 606 2624 a
638 2593 780 2624 canibus
804 2596 858 2625 est
883 2590 943 2624 de-

306 2641 468 2670 sumtum.
519 2637 598 2670 Hoc
613 2637 717 2679 igitur
741 2648 759 2671 a
786 2636 944 2681 superio-

306 2683 399 2716 ribus
430 2683 476 2716 ita
510 2682 688 2723 distinguit
713 2694 756 2717 ac
780 2683 942 2718 secernit.

1016 1683 1053 1709 ut
1078 1687 1155 1710 cum
1182 1677 1212 1709 vi
1239 1678 1386 1719 quadam
1406 1678 1499 1710 istud
1522 1677 1562 1711 οὐ
1588 1678 1659 1721 μὴν

1016 1721 1100 1755 ου’δέ
1123 1727 1270 1764 repetat.

1065 1769 1104 1800 Ρ.
1121 1769 1200 1804 907.
1232 1768 1302 1800 καὶ
1325 1766 1566 1812 ἀνθρώπων
1592 1775 1655 1812 μέ-

1016 1826 1067 1846 σω
1079 1815 1114 1859 ν]
1146 1815 1245 1854 Υρτθ
1272 1817 1419 1848 Astius
1445 1815 1656 1858 interpreta—

1017 1864 1090 1892 tur:
1148 1857 1334 1902 'peiores
1399 1861 1657 1896 hominibus

1017 1905 1306 1939 mediocribus
1361 1917 1437 1940 nec
1484 1909 1657 1943 virtute

1017 1962 1090 1984 sua
1116 1953 1463 1986 excellentibus.
1514 1954 1572 1987 Sic
1595 1958 1655 1998 με’-

1017 2010 1082 2034 σως
1138 2000 1334 2040 βεβιωκέναι
1392 1999 1570 2034 Phaedon.
1623 2011 1655 2043 p.

1018 2043 1096 2077 113.
1124 2043 1169 2075 D.

1063 2088 1162 2120 οὔτε
1209 2087 1384 2125 ἅνεκιος
1432 2088 1451 2121 o‘
1501 2089 1654 2133 λόγος,

1015 2137 1096 2165 τῶν
1122 2144 1166 2166 τε
1192 2134 1287 2176 περὶ
1311 2136 1376 2173 m]
1412 2135 1526 2168 Prave
1553 2136 1652 2169 editt.

1014 2189 1134 2212 omnes
1167 2184 1247 2220 post
1282 2178 1299 2210 ὁ
1333 2179 1437 2222 λόγος
1470 2183 1571 2223 plene
1601 2183 1654 2215 in-

1014 2229 1240 2267 terpungunt.
1295 2225 1438 2267 Quippe
1470 2227 1553 2259 οὸτε
1586 2238 1653 2260 non

1014 2276 1068 2303 est
1104 2271 1316 2310 solitarium,
1361 2274 1414 2305 cui
1465 2274 1655 2315 respondet

1013 2317 1130 2358 potius
1161 2318 1356 2358 proximum
1389 2330 1443 2358 τε,
1477 2324 1517 2351 ut
1539 2321 1654 2353 solent

1013 2363 1094 2394 οὔτε
1127 2367 1162 2395 et
1196 2375 1232 2393 τε
1265 2364 1460 2398 sexcenties
1485 2375 1565 2398 sese
1591 2375 1651 2399 ex-

1015 2408 1142 2449 cipere.
1183 2407 1577 2450 Quemadmodum,
1604 2411 1652 2444 in·

1016 2455 1107 2495 quit,
1133 2455 1239 2486 haec
1265 2456 1409 2488 oratio
1437 2456 1651 2489 intolera-

1014 2499 1119 2531 bilis
1147 2504 1228 2541 est,
1255 2501 1313 2533 ita
1340 2511 1393 2534 ex
1423 2501 1488 2541 iis,
1515 2503 1651 2543 quiin

1015 2545 1127 2578 omni
1168 2551 1406 2579 versantur
1453 2546 1650 2590 impieta-

1014 2595 1074 2631 te,
1107 2591 1248 2625 nescio
1285 2602 1361 2634 quo
1391 2592 1530 2633 modo,
1575 2594 1651 2628 ille

1013 2637 1188 2670 videtur
1229 2637 1478 2672 rectissime
1513 2641 1651 2673 omni-

1011 2692 1072 2715 um
1135 2683 1358 2727 impiorum
1429 2685 1650 2726 pessimun
