1781 2971
293 192 376 234 DE
410 189 682 234 LEGIBUS
717 189 835 231 LIB.
872 189 927 230 X.
965 191 1011 232 P.
1046 192 1139 234 893.
1175 189 1237 232 St.
1362 193 1434 233 161

83 325 129 362 γε
169 308 396 361 ἀπόδειξιν
433 307 492 359 ὡς
526 310 606 352 εἰσὶ
645 307 726 360 τὴν
763 306 913 351 αὐτῶν
947 309 1114 368 σπουδῇ
1146 309 1264 370 πιέσῃ
1292 326 1435 363 παρα-

83 376 360 427 κεκλήσθων.
397 376 596 432 ἐχόμενοι
634 377 677 418 δὲ,
717 373 777 425 ὥς
801 392 919 426 τινος
941 375 1175 434 ἀσφαλοῦς
1194 381 1434 431 πείσματος

83 444 420 497 ὲπειςβαίνωμεν
466 448 525 492 εὶς
568 440 649 485 τὸν
698 443 780 484 νῦν
827 442 984 497 λόγον.
1033 447 1105 485 καί
1147 461 1222 496 μοι
1269 447 1432 499 ἐλεγχο-

83 514 198 564 μένῳ
253 513 351 565 περὶ
406 510 458 552 τὰ
497 511 684 552 τοιαῦτα
729 510 960 564 ἐρωτήσεσι
1008 513 1196 559 remig&
1239 510 1435 569 ‹iaquis-

83 592 225 619 στατα
269 578 603 631 ἀποκρίνεσθαι
651 582 862 633 φαίνεται
904 576 1019 618 κατὰ
1067 575 1197 619 τάδε·
1252 571 1283 618 ὦ
1330 579 1433 629 ξένε,

83 642 260 687 ὁπόταν
295 645 356 704 φῇ
395 660 482 699 τις,
518 637 610 697 ἆρα
648 647 796 695 ἕστηκε
830 644 911 696 μὲν
947 641 1121 691 πάντα,
1167 652 1350 687 κινεῖται
1388 648 1432 687 δὲ

85 711 241 762 οὐδένς
287 709 314 762 ἢ
365 711 506 764 τούτῳ
543 712 634 751 πᾶν
672 709 967 758 τοὺιάντιόν;
1011 707 1036 760 ἢ
1076 726 1129 750 τα
1168 713 1248 763 μὲν
1283 709 1432 753 αὐτῶν

83 786 286 826 κινεῖται,
319 776 374 818 τά
416 780 459 819 δὲ
497 781 643 831 μένει-;
697 775 762 817 Τὰ
798 777 878 829 μὲν
914 780 1097 817 κινεῖταί
1132 792 1242 826 που,
1291 778 1430 834 (pico),

84 842 137 884 τά
184 846 228 885 δὲ
271 847 400 897 μένει.
483 843 600 884 Μῶν
646 835 727 884 οὖν
773 841 852 884 οὐκ
898 846 944 884 ἐν
985 842 1110 897 χώρᾳ
1153 849 1237 885 τινὶ
1285 860 1338 886 τα
1388 861 1432 887 τε

82 911 250 952 ἑστῶτα
272 913 438 961 “ἕστηκε
473 912 545 952 καὶ
584 907 638 950 τά
675 908 913 963 κινούμενα
950 918 1156 962 κινεῖταις
1207 912 1310 961 Πῶς
1344 911 1431 965 γὰρ

83 978 158 1027 οὒς
197 977 288 1018 Καὶ
327 974 380 1017 τὰ
418 981 497 1029 μέν
531 993 576 1028 γε
610 980 656 1018 ὲν
691 977 774 1031 μιᾷ
810 979 916 1030 ἕδρᾳ
943 993 1029 1018 που
1057 978 1190 1019 τοῦτο
1216 975 1274 1019 ἂν
1298 977 1431 1032 δρῴη,

84 1042 136 1085 τά
185 1044 229 1084 δὲ
276 1047 320 1084 ὲν
371 1045 550 1086 πλείοσι.
639 1045 702 1083 Τά
751 1041 832 1094 τὴν
871 1045 958 1084 τῶν
994 1044 1194 1085 ἑστώτων
1240 1050 1283 1086 ἐν
1319 1049 1431 1099 μέσῳ

175 1201 372 1238 φαίνεται
407 1197 509 1230 κατὰ
543 1198 651 1231 τάδε·
685 1194 711 1230 εὖ
738 1198 831 1239 ξένε
857 1199 924 1238 -]
957 1197 1016 1230 Sic
1041 1199 1142 1230 codd.
1166 1199 1313 1231 Eusebii
1339 1202 1434 1241 apud

86 1244 330 1277 Gaisfordium
357 1255 489 1285 omnes,
515 1247 608 1277 unde
633 1246 747 1277 locum
773 1247 906 1287 primus
934 1245 1134 1276 emendavit
1158 1245 1295 1277 Astius.
1336 1246 1436 1277 Libri

87 1292 246 1324 Platonis
275 1296 399 1323 eontra
423 1292 568 1323 vitiose:
595 1293 768 1332 φαίνεται·
795 1286 878 1334 κᾷτα
903 1289 948 1327 δέ,
975 1285 1001 1321 ὦ
1028 1291 1113 1331 ξένε,
1141 1287 1272 1322 ὁπόταν
1297 1302 1326 1325 κ.
1354 1303 1377 1323 τ.
1407 1292 1432 1322 λ.

174 1337 213 1368 C.
263 1347 346 1368 που
380 1337 513 1369 τοῦτο
541 1334 590 1369 ἂν
623 1336 759 1379 δρῴη]
787 1337 846 1370 Sic
873 1340 916 1369 A.
947 1335 984 1368 Ω.
1013 1348 1041 1369 v.
1068 1337 1092 1368 f.
1120 1337 1152 1371 h.
1178 1348 1205 1369 r.
1231 1348 1262 1370 a.
1290 1347 1317 1372 e.
1347 1336 1374 1369 δ.
1401 1349 1431 1370 ο.

84 1383 284 1424 Legebatur
313 1384 397 1415 olim
425 1382 527 1415 τοῦτό
555 1395 623 1415 που
649 1381 691 1415 ἄν
717 1381 767 1424 Bp.

87 1495 397 1536 Wyttenbach.
441 1496 485 1527 ad
522 1496 650 1528 Iulian.
690 1506 722 1537 p,

83 1542 162 1576 251.
197 1542 252 1573 ed.
291 1541 548 1576 Schafer.-—
596 1541 724 1573 ἑπεις-

85 1587 303 1628 βαίνωμεν
328 1587 388 1618 εἰς
413 1586 485 1618 τὸν
511 1585 723 1630 joyeuse.

84 1630 194 1673 ὥςπερ
228 1632 278 1664 εἰς
308 1631 492 1665 θάλατταν.
552 1634 643 1665 Nam
669 1635 726 1665 hie

85 1689 223 1721 quoque
248 1684 301 1710 est
325 1680 468 1720 propria
484 1685 518 1710 et
532 1680 726 1720 impropria

85 1727 217 1763 orati03
245 1725 287 1757 de
312 1735 381 1766 qua
407 1727 544 1757 ratione
560 1726 724 1767 loquendi

85 1772 131 1803 ad
154 1771 252 1802 Libr.
278 1771 360 1802 VlI.
393 1782 425 1812 p.
454 1770 532 1805 793.
559 1771 598 1805 C.
635 1773 725 1803 dixi-

85 1828 171 1849 mus.
214 1812 535 1857 Ἐπειεβαίνειν
560 1817 625 1848 εἰς
653 1815 726 1858 τὴν

84 1861 304 1894 θάλατταν
337 1863 503 1895 dixerunt
527 1863 725 1904 Thucyd.

84 1909 149 1941 IV.
173 1908 229 1942 14.
253 1909 449 1950 Xenoph.
476 1910 612 1941 Hellen.
639 1910 666 1942 I.
694 1909 726 1948 1,

38 1965 46 1968 ·
84 1955 116 1989 6.
149 1955 213 1993 al.‚
253 1960 291 1985 ut
333 1965 404 1986 nou
449 1956 726 1986 dubitaverimus

84 2011 150 2043 pro
168 2000 264 2041 vulg.
292 1998 522 2041 ἐπιβαίνωμεν
540 2011 725 2042 reponere,

86 2046 182 2089 quod
206 2056 262 2077 res
277 2047 356 2086 ipsa
370 2047 550 2087 postulare
566 2048 643 2079 visa
663 2052 726 2080 est.

85 2092 306 2133 Quamquam
327 2092 430 2124 Plato
456 2094 596 2134 quidem
619 2093 727 2124 verbo

86 2137 314 2178 ἐπειςβαίνειν
351 2148 524 2180 nusquam
559 2139 642 2171 alibi
674 2149 727 2170 re-

86 2185 221 2227 peritur
245 2182 329 2215 usus
354 2194 442 2216 esse.

155 2225 486 2269 ἀποκρίνεσθαί
527 2231 726 2269 φαίνεται

88 2273 192 2308 κατὰ
219 2274 333 2307 τάδε·
366 2271 392 2308 ὦ
413 2275 542 2317 ξένε,]
571 2275 630 2308 Sic
643 2276 727 2307 libri

86 2322 235 2354 Eusebii
258 2332 392 2363 omnes,
417 2326 593 2364 quotquot
616 2332 729 2363 nuper

88 2368 244 2400 excussit
282 2366 586 2401 Gaisfordius.
642 2367 729 2400 Cor-

88 2418 194 2455 rupte
232 2413 335 2445 codd.
369 2414 552 2446 Platonis:
604 2409 727 2456 ἀποκρ.

90 2462 257 2501 φαίνεται.
288 2454 372 2502 κᾷτα
397 2458 451 2498 δὲ,
475 2455 502 2491 ὦ
528 2460 612 2500 ξένε,
639 2471 668 2491 κ.
701 2471 728 2491 τ.

89 2507 116 2538 λ.
142 2506 239 2548 quod
263 2505 347 2547 quia
371 2516 441 2537 non
470 2507 577 2538 habet
606 2507 729 2538 idone-

88 2562 145 2585 um
174 2551 465 2593 explicationem,
495 2553 595 2584 illinc
629 2549 729 2593 Prae-

91 2602 195 2630 eunte
225 2597 358 2630 Astio
395 2598 490 2629 haud
526 2603 731 2631 cunctanter

89 2644 314 2676 mutavimus.
362 2643 494 2683 Mihi,
517 2645 649 2685 inquit,
681 2645 732 2676 de

89 2690 256 2722 talibus
297 2690 430 2721 rebus
473 2690 637 2722 talibus
670 2692 732 2722 in-

89 2736 488 2776 terrogationibus
550 2735 733 2777 (quales

90 2792 181 2814 snm
212 2782 457 2820 allaturus)
497 2781 575 2813 int
592 2791 677 2815 err
696 2793 732 2814 o-

139 2837 229 2871 Plat.
255 2837 319 2880 Op.
345 2838 425 2871 Vol.
452 2838 499 2872 X.
527 2837 621 2873 Sect.
647 2838 716 2870 111.

792 1500 893 1537 gato
937 1498 1209 1529 tutissimum
1258 1498 1435 1529 videtur

792 1543 904 1575 hunc
944 1544 989 1574 in
1034 1543 1210 1575 modum
1255 1553 1433 1585 respon-

794 1589 815 1619 d
833 1599 914 1620 ere.

840 1633 879 1665 C.
922 1633 1022 1664 Μῶν
1049 1628 1126 1665 οὖν
1151 1631 1230 1665 οὐκ
1255 1633 1299 1665 ἐν
1324 1633 1437 1677 χώρᾳ

794 1680 854 1720 --]
881 1678 980 1717 Quae
1010 1680 1190 1721 copiosius
1216 1681 1342 1712 dehine
1368 1681 1437 1712 dis-

794 1730 962 1766 putantur
987 1726 1030 1757 de
1056 1726 1164 1757 variis
1191 1732 1306 1758 motus
1333 1737 1438 1766 gene-

793 1772 902 1811 ribus,
922 1781 963 1803 ea
983 1782 1026 1803 ne
1049 1772 1126 1813 quis
1143 1772 1319 1804 Zellero
1338 1771 1436 1804 Stud.

795 1817 958 1849 Platonn.
993 1828 1024 1858 p.
1053 1818 1130 1851 106.
1163 1819 1284 1850 credat
1316 1829 1437 1859 parum

794 1869 874 1904 apte
901 1864 946 1895 ad
971 1874 1042 1895 rem
1058 1869 1278 1905 praesentem
1299 1875 1361 1897 nec
1382 1875 1434 1896 sa-

793 1911 838 1940 tis
864 1910 1047 1951 perspicue
1064 1910 1339 1951 explicataesse,
1359 1921 1434 1952 per-

794 1956 907 1986 tinent
930 1966 971 1987 ea
991 1966 1061 1986 non
1087 1957 1266 1996 aliorsum,
1295 1958 1360 1987 nisi
1382 1967 1435 1995 eo,

792 2007 831 2032 ut
845 2006 976 2032 motum
989 2002 1194 2033 ostendatur
1203 2003 1315 2033 omnis
1333 2013 1435 2043 gene-

795 2048 945 2078 rationis
965 2057 1040 2078 esse
1058 2048 1279 2088 principium.
1308 2047 1437 2086 Quam-

797 2093 917 2124 obrem
943 2098 1076 2124 tantum
1101 2093 1218 2133 abest,
1245 2100 1281 2124 ut
1314 2104 1355 2125 ea
1387 2099 1436 2125 te-

795 2149 888 2170 mere
917 2149 959 2169 ex
985 2139 1196 2171 Parmenide
1230 2150 1263 2180 p.
1290 2139 1369 2173 138.
1396 2140 1435 2171 C.

795 2195 870 2226 sqq.
900 2184 1046 2216 Theaet.
1073 2184 1152 2219 181.
1180 2185 1218 2216 C.
1245 2196 1320 2227 sqq.
1347 2186 1435 2217 Tim.

793 2242 828 2272 p.
854 2230 913 2263 43.
938 2231 979 2264 B.
1008 2233 1251 2263 consarcinata
1277 2235 1364 2271 siut,
1393 2234 1437 2264 si-

795 2278 866 2309 cuti
879 2276 950 2308 Zel
964 2278 1001 2308 le
1013 2287 1029 2308 r
1040 2287 1059 2308 o
1078 2278 1189 2309 visum
1208 2283 1272 2319 est,
1287 2284 1324 2309 ut
1339 2288 1436 2318 egre-

797 2324 852 2364 gie
878 2323 1058 2354 declarent
1082 2328 1115 2355 et
1139 2324 1353 2364 patefaciant
1379 2334 1439 2356 va—

796 2370 849 2401 ria
874 2374 909 2399 et
933 2370 1141 2410 multiplicia
1165 2370 1226 2401 illa
1247 2375 1360 2401 motus
1379 2380 1435 2410 ge-

798 2425 892 2451 nera,
907 2425 950 2446 ex
966 2416 1090 2456 quibus
1107 2416 1225 2447 varius
1245 2426 1360 2447 rerum
1380 2426 1437 2456 ge-

797 2466 997 2492 neratarum
1024 2467 1122 2492 ortus
1157 2466 1263 2502 atque
1290 2463 1437 2494 mutatio

798 2507 1036 2547 suspenditur.
1046 2507 1238 2539 Enimvero
1251 2513 1306 2538 ten
1313 2508 1439 2540 endum

797 2560 850 2585 est
872 2553 930 2585 hic
954 2553 1236 2594 diligentissime,
1263 2554 1371 2586 verba
1390 2556 1438 2585 κί·

799 2607 897 2639 νησιν
935 2604 969 2630 et
1000 2599 1171 2630 κινεῖσθαι
1207 2610 1228 2631 a
1263 2600 1439 2632 veteribus

800 2645 1024 2686 philosophis
1049 2646 1176 2677 latiore
1202 2656 1307 2677 sensu
1336 2650 1441 2687 atque

800 2693 852 2723 ita
889 2692 957 2722 dici
993 2692 1124 2734 solere,
1163 2697 1202 2722 ut
1233 2702 1304 2724 non
1337 2693 1443 2724 modo

801 2742 946 2769 motus
962 2739 1023 2769 sed
1039 2739 1143 2769 etiarn
1169 2739 1331 2770 mutati
1345 2739 1444 2769 onis

802 2785 871 2815 vim
898 2784 1145 2825 notionemque
1160 2785 1444 2825 complectantur.

1116 2831 1162 2870 11
