1781 2971
275 179 358 220 374
759 175 1132 219 PLATONIS

272 291 483 349 εὔστοχον
521 295 660 337 ἔνεστι
681 295 753 335 καὶ
777 301 893 336 τοῖσι
928 300 1092 344 κακοῖς,
1130 289 1237 341 ὥςτε
1274 290 1532 345 πάμπολλοι
1553 295 1626 335 καὶ

273 362 362 404 τῶν
405 357 583 418 σφόδρα
628 361 775 402 κακῶν
811 353 855 403 εὖ
903 368 994 409 τοῖς
1039 357 1186 414 λόγοις
1222 361 1294 401 καὶ
1339 367 1435 409 ταῖς
1479 359 1628 411 δόξαις

273 428 558 483 διαιροῦνται
600 425 705 477 τοὺς
751 425 960 481 ἀμείνους
995 428 1084 468 τῶν
1117 424 1382 480 ἀνθρώπων
1413 430 1486 469 καὶ
1523 424 1628 476 τοὺς

270 497 486 551 χείρονας.
525 491 591 538 διὸ
629 491 768 536 καλὸν
805 501 899 542 ταῖς
936 495 1121 543 πολλαῖς
1157 492 1310 536 πόλεσι
1345 491 1394 536 τὸ
1437 498 1627 547 παρακέ-

273 559 412 616 λευμά
457 565 567 612 ἐστι,
615 562 840 618 προτιμᾶν
886 559 969 611 τὴν
1013 559 1212 612 εὐδοξίαν
1251 557 1360 614 πρὸς
1397 561 1484 602 τῶν
1520 562 1627 602 πολι

273 630 382 672 λῶν·
420 626 470 671 τὸ
496 630 579 682 μὲν
606 626 692 684 γὰρ
729 626 993 684 ὀρθότατον
1028 630 1099 669 καὶ
1124 632 1340 682 μέγιστον,
1379 623 1489 669 ὅντα
1516 626 1628 679 ἁγα-

272 694 369 739 θὸν
404 694 595 748 άληθῶς
630 693 745 738 οὕτω
781 693 860 737 τὸν
897 693 1077 745 εὔδοξον
1104 696 1205 748 βίον
1241 692 1466 748 θηρεύειν,
1497 696 1631 748 χωρὶς

274 765 319 806 δὲ
353 764 586 818 μηδαμῶς,
632 760 713 806 τόν
748 779 794 815 γε
832 764 978 805 τέλεον
1014 761 1158 815 ἄνδρα
1197 759 1421 814 ἐσόμενον.
1464 763 1537 803 καὶ
1574 760 1627 812 δὴ

273 832 345 874 καὶ
391 831 443 890 τῇ
489 828 603 872 κατὰ
646 827 830 884 Κρήτην
886 831 1132 887 οἰκιζομένῃ
1176 829 1300 870 πόλει
1355 831 1525 883 πρέπον
1571 824 1630 870 ἂν

272 898 339 949 εἴη
384 896 520 948 δόξαν
567 894 678 951 πρὸς
722 898 810 938 τῶν
857 893 1002 938 ἄλλων
1048 893 1309 950 ἀνθρώπων
1345 891 1367 937 ὅ
1409 911 1446 937 τι
1482 897 1628 936 καλλί-

273 979 383 1016 στην
420 980 466 1006 τε
505 966 576 1005 καὶ
621 961 808 1016 ἀρίστην
847 961 1271 1017 παρασκευάζεσθαι
1305 959 1415 1015 πρὸς
1449 958 1629 1017 ἀρετήν·

274 1033 399 1074 πᾶσα
437 1029 477 1073 δ’
525 1032 644 1079 ἐλπὶς
683 1028 826 1081 αὐτὴν
861 1034 904 1072 ὲκ
953 1031 1040 1071 τῶν
1084 1029 1284 1078 εἰκότων,
1330 1028 1469 1081 ἄνπερ
1515 1030 1628 1070 κατα

274 1096 409 1151 λόγον
445 1100 660 1150 γίγνηται,
697 1095 790 1148 μετ’
835 1096 994 1149 ὀλίγων
1026 1093 1153 1147 ἥλιον
1191 1094 1396 1154 ὄψεσθαι
1421 1097 1494 1137 καὶ
1526 1095 1631 1144 τους

274 1161 435 1214 ἄλλους
482 1164 623 1213 θεοὺς
658 1169 703 1206 ἐν
748 1172 846 1212 ταῖς
891 1162 1096 1217 εὐνόμοις
1141 1162 1289 1205 πόλεσι
1338 1164 1410 1204 καὶ
1449 1162 1627 1217 χώραις.

365 1333 582 1376 εὔστοχον
607 1334 747 1367 ἔνεστι
779 1336 870 1378 καὶ]
897 1335 955 1369 Sic
985 1333 1023 1368 Ω.
1041 1346 1071 1368 a.
1097 1335 1133 1366 in
1164 1344 1274 1376 marg.
1303 1339 1336 1366 et
1359 1335 1424 1367 f.r.
1443 1345 1474 1367 o.
1511 1335 1628 1378 Vulgo

274 1379 443 1423 εὖστοχόν
467 1380 537 1414 ἐστι
569 1382 634 1415 καί.

363 1443 402 1475 C.
453 1444 522 1475 καὶ
560 1440 669 1475 τοὺς
702 1443 929 1486 χείρονας]
983 1443 1043 1476 Sic
1066 1454 1131 1485 pro
1158 1444 1252 1484 vulg.
1279 1444 1416 1483 χείρους
1440 1453 1484 1474 ex
1512 1443 1556 1474 A.
1588 1441 1626 1474 Ω·

272 1501 302 1521 v.
328 1490 352 1521 f.
378 1500 405 1521 r.
432 1500 464 1523 a.
491 1501 518 1522 c.
545 1488 574 1521 δ.
602 1501 633 1521 o.
661 1500 694 1520 x.
722 1491 914 1521 rescribere
940 1501 1010 1522 non
1036 1491 1206 1523 dubitavi.
1256 1489 1391 1521 Eadem
1416 1488 1554 1521 formae
1579 1490 1627 1521 al-

270 1537 423 1568 ternatio
450 1541 505 1568 est
529 1535 620 1567 Tim.
648 1546 680 1576 p.
699 1535 756 1569 39.
781 1537 824 1569 A.
852 1537 910 1567 ubi
936 1537 1094 1578 iungitur
1130 1534 1257 1568 ἐλάττω
1279 1540 1313 1567 et
1337 1535 1487 1575 μείζονα,
1514 1536 1626 1577 Legg.

270 1582 317 1615 X.
344 1593 376 1624 p.
402 1582 483 1616 903.
511 1581 556 1613 D.
583 1587 616 1613 et
641 1581 807 1623 Xenoph.
832 1582 930 1614 Hier.
957 1582 990 1623 4,
1016 1584 1048 1616 6.
1081 1583 1140 1614 ubi
1173 1587 1253 1624 post
1287 1583 1484 1623 κρείττονας
1518 1583 1630 1615 conti-

273 1638 343 1660 nuo
372 1625 494 1670 ἥττους
518 1628 754 1669 subiungitur.
794 1647 805 1660 ι

367 1689 412 1722 τὸ
441 1688 747 1732 παρακέλευμά
771 1689 884 1732 ἐστι]
916 1689 974 1722 Sic
999 1691 1042 1722 A.
1076 1688 1113 1721 Ω.
1143 1701 1182 1732 v.,‘
1202 1700 1229 1724 r.
1256 1700 1287 1722 a.
1316 1700 1344 1721 c.
1373 1687 1401 1720 δ.
1440 1699 1505 1730 pro
1533 1690 1626 1731 vulg.

273 1853 372 1885 gere:
408 1848 573 1875 tantum
607 1845 739 1876 etiam
777 1843 819 1874 in
854 1844 914 1874 iu-

272 1890 478 1922 dicandis
503 1891 692 1930 ceteris,
719 1890 787 1930 qui
814 1890 915 1921 mali

269 1941 344 1969 aut
376 1936 483 1968 boni
509 1937 619 1975 sint,
656 1945 676 1967 a
703 1940 820 1967 recto
848 1936 914 1966 ab·

269 1986 432 2015 errant.
470 1980 574 2019 Quod
599 1986 696 2023 patet
721 1982 915 2013 rectissime

269 2029 401 2060 dictum
437 2038 523 2059 esse.
558 2046 600 2050 -—
633 2028 721 2059 Mox
747 2025 915 2067 εὔστοχον

270 2080 323 2106 est
347 2075 566 2107 facultate
591 2079 711 2106 recte
735 2075 913 2105 coniici-

270 2121 373 2152 endi
399 2130 447 2152 ae
475 2118 708 2151 divin‘andi
741 2120 915 2161 praedi-

271 2171 375 2205 tum3
402 2177 433 2198 v.
460 2165 672 2197 Abresch.
693 2166 728 2198 in
747 2166 913 2206 Aeschyl.

269 2212 367 2243 Libr.
393 2211 440 2243 11.
473 2221 506 2252 p.
530 2211 610 2246 457.
650 2217 684 2242 et
715 2211 911 2243 Dorvill.

269 2259 312 2290 ad
352 2257 476 2290 charit
531 2269 562 2299 p.
599 2257 677 2291 408.
718 2258 772 2288 ed.
816 2258 912 2298 Lips.

270 2305 341 2336 Pro
359 2305 451 2346 vulg.
480 2302 549 2335 ἐστι
574 2304 777 2345 scripsimus
795 2303 913 2334 ἔνεστι.

271 2352 497 2382 Aristides
539 2349 652 2382 Oratt.
685 2349 724 2380 ΙΙ.
765 2360 798 2391 p.
833 2349 912 2383 150.

270 2397 328 2428 ubi
355 2398 442 2429 haec
466 2397 632 2438 respexit,
659 2397 826 2437 scriptum
852 2396 913 2428 ha-

271 2443 329 2474 bet
354 2443 428 2476 ἔνι,

339 2488 378 2522 C.
440 2487 516 2530 τὴν
554 2485 765 2530 εὐδοξίαν
808 2485 914 2528 πρὸς

272 2534 353 2565 ιιῦν
381 2536 557 2578 πολλῶν]
583 2537 738 2568 bonam
764 2534 913 2566 existi-

270 2581 497 2612 mationem
533 2592 554 2613 a
590 2591 748 2623 magna
782 2581 913 2612 homi-

271 2637 364 2658 num
402 2628 693 2659 multitudine
730 2626 912 2668 profici-

272 2677 479 2713 scentem,
508 2674 589 2713 vel,
618 2673 772 2705 bonam
798 2672 913 2713 apud

272 2719 479 2752 homines
515 2719 912 2752 existimationem.

274 2764 432 2798 Pessime
453 2766 576 2807 vulgo:
604 2764 670 2805 πρὸ
690 2765 756 2797 τῶν
774 2764 914 2796 πολλῶν.

987 1842 1235 1874 proximorum
1258 1842 1445 1874 verborum
1471 1842 1558 1876 baec
1575 1847 1629 1875 est

984 1890 1176 1920 sententia:
1206 1889 1492 1920 verissimum
1518 1890 1627 1921 enim

984 1936 1393 1975 gravissimumque
1430 1935 1511 1966 hoc
1547 1940 1628 1975 est,

983 1982 1131 2022 utqui
1167 1990 1272 2012 vere
1303 1982 1444 2013 bonus
1476 1982 1552 2021 sit,
1588 1991 1627 2013 e-

983 2029 1086 2059 tiam
1140 2027 1389 2067 gloriosam
1440 2032 1629 2069 appetat

984 2076 1136 2113 vitam,
1163 2083 1363 2106 seorsum
1389 2079 1530 2105 autem
1557 2083 1625 2105 ne-

984 2130 1210 2161 quaquam,
1236 2119 1454 2160 siquidem
1483 2120 1546 2151 vir
1567 2119 1626 2150 fu-

984 2171 1111 2197 turus
1136 2166 1196 2198 sit
1227 2165 1459 2206 perfectus
1483 2170 1523 2196 et
1548 2175 1628 2196 om·

983 2212 1112 2243 n‘ibus
1148 2211 1344 2242 numeris
1383 2211 1627 2243 absolutus.

983 2257 1070 2288 Mox
1097 2256 1133 2288 ἐκ
1168 2257 1234 2287 τῶν
1257 2254 1400 2288 εἰκότων
1426 2257 1448 2288 i.
1476 2268 1507 2298 q.
1535 2255 1626 2289 εἰκό-

981 2312 1060 2337 τως,
1087 2308 1125 2334 ut
1149 2303 1246 2334 Libr.
1268 2302 1328 2333 VI.
1348 2313 1380 2343 p.
1403 2303 1480 2337 775.
1508 2303 1552 2337 D.
1580 2304 1624 2335 al.

1049 2349 1094 2381 D.
1154 2345 1239 2387 μετ’
1287 2345 1450 2390 ὀλίγων
1503 2346 1628 2391 ἥλιον

983 2393 1173 2434 ὄψεσθαι
1201 2394 1257 2437 —l
1292 2405 1395 2436 spes
1421 2399 1486 2428 est
1511 2395 1626 2427 futu-

981 2452 1069 2472 rum
1105 2451 1227 2480 esse,
1271 2446 1317 2472 ut
1351 2440 1428 2473 Sol
1472 2443 1625 2474 ceteri-

981 2497 1066 2528 que
1091 2487 1151 2518 dii
1179 2497 1268 2519 eam
1297 2497 1381 2519 una
1406 2498 1495 2520 cum
1523 2497 1625 2529 pau·

980 2535 1043 2565 cis
1079 2533 1266 2565 videant
1303 2535 1427 2566 inter
1462 2535 1625 2566 civita-

982 2584 1052 2611 tes
1078 2588 1118 2610 et
1143 2584 1287 2612 terras
1312 2580 1420 2612 bene
1446 2580 1625 2621 legibus

984 2630 1263 2666 temperatas.

1040 2669 1222 2713 κήρυξιν
1255 2669 1276 2713 ὴ“
1312 2670 1571 2711 πρεεβειάις
1605 2668 1626 2712 ἢ

985 2719 1054 2749 καί
1077 2728 1159 2750 τισι
1176 2717 1230 2759 θ.]
1260 2718 1313 2749 En
1331 2718 1544 2749 abstractum
1560 2726 1625 2748 no-

986 2775 1082 2803 men,
1112 2765 1204 2806 quod
1232 2765 1337 2805 vulgo
1363 2764 1503 2796 dicunt.
1535 2764 1626 2795 iuter
