1781 2971
309 150 390 192 DE
428 148 700 193 LEGIBUS
734 149 849 191 LIB.
880 150 934 191 X.
972 150 1014 192 P.
1048 152 1140 192 900.
1175 150 1238 194 St.
1390 152 1463 193 197

213 268 310 310 ΑΘ.
377 265 492 309 Ἀλλ’
538 264 668 311 οὐδὲν
705 264 805 323 τάχ’
847 263 905 309 ὀὲν
942 265 1043 318 ἴσως
1078 267 1143 320 ε’ίη
1175 266 1372 324 χαλεπὸν
1398 272 1462 310 ἐν·

111 334 345 386 δείξασθαι
394 333 526 378 τοῦτό
563 350 621 388 γε,
658 332 715 384 ὡς
757 336 969 389 ἐπιμελεῖς
1014 336 1206 391 σμικρῶν
1241 339 1319 379 εἱσι
1359 337 1465 377 θεοὶ

111 400 192 456 οὐχ
235 395 371 454 ἧττον
405 399 429 454 ἢ
478 402 563 443 τῶν
610 403 789 454 μεγέθει
837 401 1158 459 διαφερόντων.
1203 400 1333 455 ἤκουε
1380 400 1465 458 γάρ

111 484 198 511 που
245 470 316 511 καὶ
356 470 505 524 παρῆν
544 475 635 517 τοῖς
671 470 754 511 νῦν
789 467 842 520 δὴ
888 470 1157 523 λεγομένοις,
1195 468 1253 520 ὡς
1287 467 1467 524 ἀγαθοί

110 552 155 590 γε
191 532 316 585 ὄντες
353 537 504 578 πᾶσαν
551 533 716 591 ἀρετὴν
754 539 832 587 τὴν
869 533 1172 585 τῶν-πάντων
1219 538 1464 591 ἐπιμέλειαν

111 602 387 655 οἰκειοτάτην
421 599 569 644 αὐτῶν
607 595 748 645 οὖσαν
783 607 1029 654 κέκτηνται.

216 671 315 714 ΚΛ.

214 737 309 779 ΑΘ.

111 820 213 853 των,

390 670 479 711 Καὶ
515 669 691 726 σφόδρα
727 685 773 721 γε
812 669 1038 720 ἐπήκουεν.

386 735 446 777 Τὸ
490 734 599 789 μετά
642 737 773 777 τοῦτο
813 738 963 778 τοίνυν
1000 733 1122 795 κοινῇ
1158 733 1464 787 συνεξεταζόν·

267 805 361 844 τίνα
407 804 604 855 λέγοντες
650 800 813 858 ἀρετὴν
849 801 999 844 αὐτῶν
1045 799 1351 858 ὁμολογοῦμεν
1385 801 1464 844 αὐ-

197 976 293 1011 'An‘
323 974 453 1011 οὐδὲν
480 975 562 1020 τάχ
589 975 637 1009 ἂι
662 975 778 1019 ἴσως]
806 974 888 1009 ουδὲ
904 978 1120 1011 Theodoret.
1150 978 1240 1010 Dein
1262 983 1343 1018 post
1358 976 1462 1009 ἑιδεί-

108 1026 237 1066 ξασθαι
263 1026 365 1057 τοῦτο
392 1035 467 1057 voc.
494 1036 532 1066 γε
558 1035 625 1056 om.
655 1025 735 1057 Par.
762 1026 807 1057 A
829 1029 863 1056 et
887 1035 938 1066 pr.
971 1023 1008 1056 Ω.
1034 1025 1206 1067 probante
1231 1023 1463 1056 Schneidero.

201 1082 276 1112 ουχ
301 1065 442 1113 ἧττον
479 1068 499 1112 ἢ
547 1071 626 1102 τῶι
661 1070 857 1113 μεγέθει]
890 1070 989 1103 Lib1i
1024 1082 1055 1103 v.
1089 1072 1111 1102 f.
1139 1071 1172 1102 h.
1201 1081 1229 1102 r.
1255 1081 1285 1103 a.
1315 1083 1341 1102 c.
1372 1069 1400 1102 3.
1430 1081 1459 1101 ο.

109 1115 171 1159 οἰχ
199 1115 301 1159 ἧττον
327 1115 436 1149 ἄλλων
461 1116 498 1148 δὲ
527 1113 547 1158 ἢ
572 1128 596 1148 τ.
625 1116 730 1155 Quod
756 1117 849 1148 unde
874 1121 988 1149 ortum
1015 1118 1071 1157 sit,
1097 1118 1200 1149 docet
1224 1117 1326 1148 lectio
1343 1117 1459 1148 'ibeo-

106 1165 219 1197 doret.
253 1168 288 1195 et
311 1164 441 1198 Euseb
479 1159 541 1204 οὐχ
577 1156 677 1204 ἦττον
710 1163 836 1202 μᾶλλον
870 1161 906 1194 δὲ
936 1160 957 1205 ἢ
982 1175 1007 1195 τ.

92 1234 95 1237 .
107 1210 153 1241 τῶ
176 1210 315 1252 μεγέθει
340 1208 370 1242 δ.

1058 1163 1150 1196 Dein
1183 1163 1313 1195 Euseb.
1342 1160 1361 1204 ἢ
1396 1166 1461 1194 τῶν

199 1256 239 1290 D.
289 1254 421 1298 ἤκουε
446 1253 526 1298 γάρ
553 1255 659 1296 που]
687 1255 728 1289 V
755 1251 901 1296 ἤκουον
927 1255 1020 1297 quod
1046 1266 1087 1287 ex
1120 1257 1161 1289 Α
1188 1265 1221 1289 ν.
1249 1264 1281 1288 a.
1309 1253 1336 1285 3.
1365 1259 1460 1295 etpr.

112 1300 148 1334 Ω.
167 1302 200 1335 h.
221 1307 426 1336 correctum.
453 1303 614 1335 Indidem
641 1312 722 1334 mox
746 1299 918 1344 ἐπήκουει
938 1311 1001 1344 pro
1029 1300 1206 1344 ἐπήκουον
1231 1301 1459 1333 r.estituimus

106 1461 185 1493 coli.
223 1459 252 1502 §-
281 1460 359 1495 312.
393 1463 426 1496 2.
463 1460 747 1493 Ruddimann.

105 1507 274 1538 Institutt.
313 1507 467 1539 Gramm.
505 1507 551 1541 T.
577 1507 616 1539 ΙΙ.
654 1518 686 1548 p.
715 1507 747 1541 9.

105 1553 158 1585 ed.
186 1557 295 1585 nostr.
329 1572 361 1576 —-
401 1550 750 1595 ἀποκρινόμενοι

106 1597 391 1639 διαδέχεσθε,
430 1599 463 1630 h.
492 1609 523 1630 e.
552 1597 751 1640 διαδέχεσθε

104 1642 169 1677 τὸν
204 1642 310 1686 λόγον
347 1641 623 1685 ἀποκρινόμενοι.
691 1644 751 1677 Sic

105 1689 324 1731 διαδέχεσθαι
349 1692 524 1732 absolute,
538 1702 609 1723 non
624 1692 746 1724 addito

105 1735 165 1769 τὸν
190 1734 306 1778 λόγον,
334 1738 463 1779 legitur
487 1738 582 1778 apud
609 1738 697 1769 Her
709 1748 745 1769 o—

104 1784 189 1815 dot.
217 1783 310 1816 Vlil.
327 1783 405 1818 142.
432 1785 479 1816 in.
508 1780 555 1815 ίῦς
580 1781 616 1814 δὲ
641 1782 746 1814 ἐπαύ-

105 1839 187 1861 σατο
212 1828 320 1871 λέγων
333 1825 564 1871 Ἀλέξανδρος,
592 1827 746 1869 διαδεξά-

103 1886 199 1915 μενοι
225 1875 342 1918 ἔλεγον
366 1875 402 1907 οἱ
422 1873 490 1908 ἀπὸ
510 1874 673 1917 Σπάρτης
688 1874 747 1918 ἅγ-

104 1921 207 1963 γελοι.

150 1964 228 2009 ἐγώ
256 1966 389 2010 σφῷν,
416 1964 559 2007 ὥςπερ
586 1967 660 1998 νῦν
685 1964 747 2009 δή]

103 2013 304 2054 Respicitur
350 2013 395 2045 ad
436 2023 468 2054 p.
504 2012 583 2046 892.
627 2013 666 2044 D.
706 2013 746 2045 E.

104 2058 367 2100 Stephanus
403 2065 437 2090 et
474 2059 631 2091 Astius
670 2057 748 2099 σφώ

102 2105 288 2147 legendum
306 2106 516 2137 coniectant.
546 2105 628 2136 Nou
648 2115 746 2145 opus.

104 2152 181 2184 Hoc
205 2152 297 2183 enim
322 2152 425 2183 dicit:
452 2161 531 2192 ego
557 2161 578 2183 a
603 2151 747 2192 vobis,

103 2197 235 2230 sicuti
260 2198 417 2239 paullo
451 2201 569 2238 ante,
606 2207 747 2229 susce-

104 2245 191 2285 ptis
218 2244 430 2284 ‘partibus
460 2243 627 2275 flumen
660 2245 747 2275 fra-

103 2289 267 2322 iiciam.

136 2331 245 2366 ''All'
274 2330 406 2366 οὐδὲν
441 2331 528 2375 τάχ’
562 2330 611 2366 ἄν
647 2335 749 2366 ἴσως

108 2382 165 2423 ⁴⁴]
192 2380 289 2412 Haec
315 2390 455 2422 quoque
469 2381 591 2413 laudat
610 2381 670 2412 Th
685 2391 747 2412 eo-

107 2428 245 2458 doret.
291 2426 504 2468 Therapeut
542 2427 653 2459 Serm.
693 2427 748 2459 vl.

107 2483 139 2514 p.
166 2472 246 2506 570.
274 2474 318 2504 A.

154 2517 286 2560 ἤκουε
311 2517 385 2560 γάρ
413 2529 494 2549 που
522 2519 586 2550 καὶ
607 2519 748 2560 παρῆι

106 2564 165 2607 ‘-]
199 2565 318 2606 Vulgo
345 2562 433 2605 ἥκοι
438 2575 476 2595 ον
502 2569 536 2596 et
561 2575 642 2596 mox
668 2563 745 2606 ἐπη-

109 2620 226 2648 κονον,
253 2611 348 2652 quod
375 2616 565 2652 praeeunte
583 2611 745 2643 Bekke-

62 2698 65 2700 -
107 2665 155 2688 ro
182 2667 223 2690 ex
252 2657 350 2688 lib1is
379 2657 522 2712 optimis
552 2657 747 2690 emendavi-

107 2712 194 2735 mus.
242 2702 307 2735 int.
335 2699 353 2734 ὁ
382 2700 577 2745 ἡνγοιμειος
604 2701 663 2742 μὲι
690 2703 746 2735 θε-

110 2746 172 2780 οἶς
197 2744 305 2787 εἶι·,αι
339 2761 381 2790 ur
410 2749 599 2791 (φοοιτίζιιι
622 2748 662 2780 δὲ

819 1458 902 1492 τοὺς
936 1463 1002 1491 τῶν
1036 1457 1273 1501 ἀνθρωπίνων
1307 1461 1459 1503 πραγμά-

819 1518 895 1540 των.
923 1506 1025 1538 Conf.
1054 1517 1086 1548 p.
1105 1507 1185 1541 wi).
1210 1507 1251 1538 B.
1279 1506 1462 1540 Sententia

817 1553 905 1585 haee
952 1557 1022 1585 est:
1071 1553 1285 1585 audiebat
1332 1555 1458 1591 enim,

820 1600 1002 1640 opinor,
1036 1609 1354 1640 saepenumero
1392 1600 1458 1632 ad-

819 1649 1026 1686 eratque,
1046 1656 1174 1686 quum
1200 1645 1459 1677 dicerentur

821 1700 930 1733 quae
962 1691 1084 1722 modo
1120 1701 1141 1723 a
1174 1690 1307 1723 nobis
1340 1693 1461 1723 dieta

817 1741 941 1778 sunt,
974 1738 1078 1769 deos
1112 1747 1205 1769 esse
1231 1739 1348 1770 omni
1376 1738 1458 1769 vir-

817 1788 912 1815 tute
951 1784 1185 1825 praeditos
1221 1788 1354 1825 atque
1398 1794 1457 1815 re-

817 1839 901 1861 rum
927 1831 1115 1861 omnium
1150 1839 1303 1861 curam
1334 1840 1457 1871 quam

817 1876 997 1907 maxime
1023 1876 1111 1907 sibi
1138 1876 1366 1917 propriam
1393 1876 1457 1908 ha-

818 1922 932 1953 bere.
983 1923 1146 1953 Astius
1183 1926 1323 1953 servata
1348 1923 1459 1954 veteri

818 1968 969 1999 lectione
994 1968 1081 1999 haec
1102 1968 1219 1999 omnia
1234 1967 1380 2007 Megillo
1397 1967 1457 1999 triss

816 2013 909 2052 buit3
926 2014 1022 2054 quod
1037 2024 1138 2055 quam
1154 2024 1277 2053 parum
1292 2015 1335 2045 ad
1358 2024 1457 2055 prae-

819 2064 950 2091 sentem
976 2060 1250 2101 disputationem
1275 2065 1395 2101 aptum
1414 2062 1461 2092 sit

816 2109 850 2137 et
886 2107 1123 2147 conveniens,
1160 2106 1285 2138 docere
1317 2107 1375 2137 vix
1407 2112 1458 2139 at-

815 2152 916 2183 tinet.

864 2198 909 2229 D.
943 2196 996 2228 Τὸ
1023 2191 1123 2236 μετὰ
1149 2197 1277 2228 τοῦτο
1306 2198 1459 2228 τοίνυν

819 2244 946 2284 κοινῇ
1009 2241 1458 2285 συνεξεταζόντων]

817 2290 971 2332 Astius
1005 2290 1048 2321 de
1087 2289 1304 2330 Stephani
1344 2291 1458 2321 conie-

817 2340 916 2368 ctura
968 2337 1122 2367 correxit
1177 2334 1458 2376 συνεξετάζωμεν,

818 2382 914 2423 quod
942 2383 992 2413 ait
1017 2386 1137 2413 extare
1155 2382 1247 2422 apud
1266 2382 1457 2414 Eusebium

819 2427 942 2468 Praep.
969 2428 1106 2468 Evang.
1131 2427 1284 2461 XILIQ.
1331 2427 1458 2459 Verum

816 2474 963 2505 Eusebii
995 2475 1126 2514 pariter
1167 2479 1273 2515 atque
1301 2472 1459 2506 Platonis

816 2521 956 2551 codices
976 2521 1154 2561 vulgatam
1172 2520 1356 2552 lectionem
1372 2531 1456 2562 gna-

818 2567 908 2597 viter
933 2570 1086 2600 tuentur.
1112 2566 1187 2598 Nec
1210 2576 1292 2598 vero
1315 2576 1357 2598 ea
1376 2577 1455 2608 pro-

817 2617 918 2644 tenus
935 2613 1129 2644 reiicienda
1142 2617 1206 2652 est,
1231 2615 1457 2654 quantumvis

817 2659 1002 2700 repudiata
1016 2659 1061 2690 sit
1074 2669 1185 2701 nuper
1203 2659 1306 2691 etiam
1321 2669 1341 2691 a
1353 2660 1457 2691 Turi—

817 2706 980 2737 oensibus
1005 2709 1109 2747 atque
1140 2706 1368 2743 Hermanno,
1398 2708 1456 2746 qui

818 2751 1005 2784 ediderunt
1039 2749 1316 2793 ovregftcigmyfr.
1377 2752 1457 2784 Et&
