1781 2971
258 152 338 193 ΠΕ
372 150 648 194 LEGIBUS
679 151 798 193 LIB.
832 149 940 192 XII.
976 152 1020 192 P.
1055 153 1151 193 949.
1187 151 1250 194 St.
1370 153 1450 195 371

100 269 300 319 τεύοντες
333 273 380 312 ἐν
417 271 468 329 τῇ
506 269 631 311 πόλει
667 266 724 318 ὡς
760 267 808 311 τὸ
847 267 962 312 πολὺ
1010 268 1241 320 τοιούτους
1287 268 1452 319 ἄλλους

96 339 273 391 κυρίους
306 337 386 388 τῆς
412 335 560 391 χώρας
597 335 862 390 παρέξονται
898 336 1190 411 ξυντροᾳους.

198 405 338 446 Λικῶν
380 420 423 445 τε
469 420 565 458 περι
611 402 770 454 ληξεως
817 401 895 445 τὸν
941 403 1081 447 αὐτόν
1128 403 1295 460 τρόπον
1340 403 1452 446 εἶναι

96 469 207 526 πρὸς
235 469 455 522 ἀλλήλους
489 473 598 512 πᾶσι
635 470 718 522 τὴν
760 474 921 523 κρίσιν,
970 468 1056 513 ὅσα
1105 487 1169 520 τις
1214 469 1453 526 ἐλεύθερος

93 536 279 580 ἀπειθεῖ
317 540 366 597 τῇ
417 533 562 586 πόλει,
610 536 715 591 μήτ’
759 530 841 580 οὗν
877 539 1056 591 πληγῶν
1092 536 1194 587 ἄξια
1237 537 1340 592 μηδ’
1392 530 1450 579 αὖ

94 606 260 651 δεσμῶν
294 606 402 658 μηδὲ
438 602 666 646 θανάτου.
705 606 800 660 περὶ
839 606 883 646 δὲ
915 608 1092 660 χορείας
1128 605 1262 646 τινῶν
1290 605 1449 662 φοιτή-

93 685 201 714 σεων
239 668 262 722 ἣ
300 670 588 725 πομπεύσεων
624 668 648 722 ἢ
686 671 900 714 τοιούτων
933 673 1066 713 τινῶν
1103 668 1252 713 ἄλλων
1290 672 1451 714 κοινῶν

93 736 345 792 κοσμήσεων
381 734 406 789 ἢ
444 738 750 794 λειτουργιῶν,
795 736 938 780 ὁπόσα
987 741 1081 793 περὶ
1124 739 1289 787 θυσίας
1335 741 1448 791 εἰρη-

93 807 219 856 νικῆς
269 822 295 856 η
345 806 591 859 πολεμικῶν
641 807 857 863 εὶςφορῶν
897 808 1065 859 εἵνεκα,
1130 803 1312 846 πάντων
1363 806 1450 847 τῶν

93 873 307 914 τοιούτων
353 870 432 923 τὴν
478 869 659 926 πρώτην
707 871 910 925 ἀνάγκην
949 871 1080 924 ἰατὴν
1117 869 1227 913 εἶναι
1263 873 1344 923 τῆς
1379 874 1447 924 ζη-

92 942 216 992 μιάς,
268 946 359 987 τοῖς
404 940 448 980 δὲ
498 937 557 992 μὴ
604 940 893 990 πειθομένοις
937 943 1220 996 ἐνεχυρασίαν
1257 938 1448 989 τούτοις,

93 1004 158 1055 οἷς
194 1002 252 1047 ἄν
291 1005 418 1054 πόλις
452 1003 547 1059 ἅμα
585 1008 657 1048 καὶ
698 1004 835 1060 νόμος
871 1006 1143 1060 εὶςπροὶττειν
1180 1006 1448 1066 προςταττῃ,

94 1074 181 1114 τῶν
225 1075 269 1115 δὲ
315 1071 638 1115 ἀπειθούντων
684 1081 781 1122 ταῖς
822 1077 1122 1128 ἐνεχυρασίαις
1158 1075 1322 1128 πρᾶσιν
1359 1076 1448 1115 τῶν

93 1140 305 1194 ἐνεχύρων
343 1139 476 1188 εἶναι,
521 1138 570 1182 τὸ
618 1142 662 1182 δὲ
702 1140 895 1194 νόμισμα
933 1143 1168 1194 γίγνεσθαι
1212 1141 1262 1200 τῇ
1301 1140 1446 1182 πόλει·

92 1204 170 1250 ἐὰν
206 1209 250 1249 δὲ
286 1208 440 1259 ζημίας
476 1209 658 1249 δέωνται
697 1210 920 1259 πλειόνος7
963 1206 1042 1257 τας
1077 1205 1220 1263 οὶρχας
1255 1207 1449 1258 ἑκάστας

94 1359 302 1400 πομπάσεων
337 1360 440 1392 Voss.
468 1370 501 1391 x.

93 1407 173 1441 942.
200 1407 233 1438 D

184 1453 229 1484 D.
280 1449 404 1493 ἰατὴν
434 1447 569 1492 εἶναι]
604 1451 701 1483 Haec
727 1452 834 1482 verba
861 1453 967 1493 vulgo
994 1453 1114 1484 invitis
1141 1453 1244 1485 codd.
1273 1454 1448 1487 collocan-

94 1504 150 1531 tur
175 1503 255 1531 ante
280 1497 341 1540 τὴν
368 1495 503 1538 πρώτην
530 1494 582 1529 ἀν.
611 1502 648 1528 ut
672 1499 708 1529 in
738 1498 826 1529 Ven.
855 1497 892 1530 Ξ.
919 1509 1058 1539 quoque
1083 1499 1215 1531 factum
1240 1505 1303 1532 est.

551 1360 638 1392 Mox
675 1361 718 1391 de
757 1360 871 1392 forma
900 1360 1013 1391 εἵνεκα
1046 1372 1077 1391 v.
1113 1370 1193 1393 ann.
1232 1363 1308 1394 crit.
1343 1363 1390 1395 ad
1414 1373 1448 1404 p.

92 1635 257 1666 iudicii
275 1635 415 1674 ratio,
430 1638 474 1664 ut
489 1644 613 1675 quum
639 1635 736 1675 quis

92 1681 137 1712 in
162 1682 396 1712 civitatem
418 1685 736 1722 peecatneque

92 1727 361 1758 verberibus
406 1736 548 1767 neque
589 1727 735 1758 vineu-

91 1773 149 1804 lis
180 1782 319 1814 neque
363 1774 531 1814 capitis
568 1772 736 1813 suppli-

93 1819 162 1850 cio
206 1820 354 1860 digna.
429 1819 580 1850 Videtur
618 1824 735 1850 tamen

91 1866 214 1896 vitium
263 1866 415 1897 traxisse
465 1866 591 1896 oratio.
644 1864 736 1897 Nam

90 1912 239 1952 primum
266 1912 406 1952 quidem
433 1921 496 1952 pro
523 1909 559 1941 δὲ
585 1920 663 1941 cum
685 1915 737 1942 Α-

93 1958 178 1989 stio
204 1957 414 1998 requirimus
431 1968 479 1997 γε.
515 1957 655 1987 Deinde
675 1967 735 1987 au-

91 2008 160 2034 tem
186 2013 249 2044 pro
271 2000 336 2034 ὅσα
362 2003 453 2035 haud
473 2003 602 2035 scimus
620 2012 664 2033 an
691 2000 736 2033 ὡς

91 2046 112 2080 ἃ
137 2050 324 2090 legendum
350 2051 406 2080 sit.
450 2048 612 2081 Ceterum
640 2046 736 2079 δι’κας

91 2095 134 2127 ab
162 2097 290 2127 Atticis
325 2096 448 2127 crebro
486 2096 554 2127 dici
591 2104 734 2126 caussas

90 2142 269 2182 privatas,
303 2143 418 2174 discas
449 2150 470 2173 a
494 2141 666 2173 Meiero
701 2145 735 2172 et

91 2187 363 2220 Svebiimanno
389 2188 443 2219 De
462 2187 542 2219 Lite
563 2187 672 2218 Attio.
697 2197 732 2228 p.

90 2233 173 2268 163.
199 2234 255 2265 De
280 2231 326 2266 ὥς
352 2244 435 2266 vero
463 2239 497 2266 et
516 2231 629 2274 ὥςπερ
652 2237 735 2275 post

91 2276 112 2310 ἆ
144 2275 254 2311 αὐτός
291 2284 461 2321 usurpato
495 2291 527 2312 v,
565 2288 648 2311 ann.
687 2280 732 2311 ad

91 2325 274 2357 Phaedon.
322 2337 356 2367 p.
397 2326 452 2360 86.
500 2327 547 2358 A.
597 2326 650 2357 ed.
698 2324 731 2358 3.

92 2371 394 2404 Schneiderus
426 2372 535 2404 verba
567 2369 671 2402 δικῶν
699 2380 733 2403 τε

91 2418 167 2460 περὶ
189 2418 215 2448 λ.
233 2436 277 2441 -
303 2417 384 2449 πᾶσι
411 2415 472 2460 τὴν
494 2416 603 2459 κρίσιν
625 2424 732 2449 anne-

90 2465 154 2496 etit
167 2465 396 2504 antegressis,
413 2469 543 2504 puncto
563 2468 644 2505 post
659 2464 730 2506 κρί-

93 2519 146 2542 σιν
169 2511 300 2551 posito,
323 2519 454 2542 novum
479 2510 670 2541 membrum
688 2511 732 2542 ab

84 2553 169 2589 Ὅσα
189 2565 238 2587 τις
251 2554 295 2587 ἐλ.
323 2557 464 2588 ordiens
490 2556 552 2596 sic,
578 2560 616 2587 ut
639 2565 733 2587 com-

91 2606 183 2634 mate
202 2606 284 2644 post
308 2600 392 2644 μηδὲ
416 2599 576 2633 θανάτου
600 2603 733 2634 incida-

90 2652 146 2680 tur
171 2649 301 2680 oratio.
539 2666 546 2669 ”

137 2694 177 2726 D.
204 2691 342 2726 ὁπόσα
367 2693 465 2733 περὶ
488 2692 652 2723 θυσίας
680 2692 730 2724 σι’-

92 2739 292 2783 ᾳηνικήε]
336 2739 593 2780 Corrigendum
636 2738 733 2770 vide-

805 1640 877 1664 tur:
907 1629 1048 1664 ὁπόσαι
1080 1633 1161 1664 εισι
1193 1632 1326 1665 &vocas
1356 1633 1446 1676 εἰρη-

804 1680 900 1720 rtur—ss
927 1675 947 1720 ἣ
974 1680 1049 1710 πολ.
1077 1678 1165 1719 ειέφ.
1193 1679 1316 1711 εινεκα.

849 1726 896 1757 D.
924 1726 1003 1756 τῶν
1029 1723 1447 1768 τοιούτων-ιάιὴν

804 1768 934 1813 εἶναι]
967 1772 1173 1812 Legendum
1210 1772 1317 1804 alicui
1351 1773 1448 1805 vide-

803 1823 900 1850 atur:
943 1797 1158 1860 ἰατῦικὴν
1195 1814 1302 1858 εἶπαι,
1344 1818 1378 1850 h.
1415 1829 1446 1851 e.

804 1865 936 1896 talem
982 1874 1095 1905 quae
1141 1865 1338 1896 damnum
1386 1874 1448 1897 re-

805 1910 982 1942 sarciat.
1036 1909 1115 1941 Nisi
1157 1911 1249 1942 forte
1291 1914 1449 1951 praestat

805 1950 1035 1991 ὶἀσινεῖι’,αι
1053 1956 1149 1996 quod
1163 1957 1446 2007 plaeuitAstio.

804 2001 875 2033 Sed
901 2001 1039 2032 videtur
1064 2006 1179 2033 tamen
1211 1997 1318 2034 etiam
1349 2000 1448 2043 ίατήν

802 2059 888 2079 ειναι
914 2047 1056 2079 defendi
1088 2058 1210 2088 posse,
1241 2049 1271 2080 si
1306 2049 1448 2089 quidem

802 2094 1014 2134 intelligitur
1065 2102 1198 2134 poenae
1250 2095 1443 2127 necessitas

801 2140 985 2180 sanabilis,
1020 2138 1053 2169 h.
1088 2150 1116 2172 e.
1143 2141 1213 2172 cui
1244 2141 1341 2182 quis
1366 2149 1444 2173 me-

801 2187 894 2218 deri
927 2185 1073 2227 possit
1113 2188 1269 2218 damno
1307 2195 1444 2219 resar-

801 2233 970 2264 ciendo.
1020 2231 1352 2264 Hermannus
1394 2233 1444 2265 de

800 2278 1102 2310 Winckelman
1114 2279 1154 2309 ni
1169 2279 1370 2310 coniectura
1387 2289 1443 2310 τα-

800 2322 882 2367 κτὴν
908 2324 1060 2364 scripsit.

844 2373 942 2402 τοῖς
968 2368 1009 2400 δὲ
1034 2367 1327 2407 πειθομένοις
1360 2367 1442 2400 ἐνε-

799 2416 1038 2457 χυρασίαν]
1070 2414 1139 2446 Int.
1167 2410 1263 2446 εἶναι.
1301 2414 1443 2457 Duplex

801 2463 941 2494 dativus
967 2463 1017 2494 sic
1033 2461 1304 2501 intelligendus:
1333 2460 1360 2492 C
1373 2468 1441 2493 one

800 2512 867 2541 tra
899 2508 1272 2548 immorigeros
1298 2511 1442 2539 autem

802 2555 944 2586 locum
983 2553 1151 2585 habeat
1184 2554 1441 2594 pigneratio

801 2609 875 2642 per
908 2610 984 2631 eos
1015 2598 1154 2641 (apud
1184 2599 1303 2641 eos),
1336 2607 1441 2641 quos

801 2644 1055 2687 respublica
1093 2646 1266 2686 pariter
1305 2650 1442 2687 atque

801 2693 869 2724 lex
904 2692 1130 2734 pecuniam
1157 2692 1441 2732 exigereius-

800 2739 924 2770 serit.
980 2738 1072 2770 Dein
1106 2737 1172 2768 τῶν
1196 2733 1441 2770 ἀπειθούντων

1059 2794 1170 2834 ⁶24*
